2508 4712
279 257 349 350 asa
448 257 584 334 tura
620 247 672 332 n.'
705 255 1043 340 uuultttrutt.
1182 271 1192 284 ·

282 443 424 537 ejusdem
451 451 598 534 stuporis
624 451 762 518 subinde
795 443 942 520 incidunt
964 455 1107 541 reditus,
1137 453 1193 546 qul

277 583 352 635 eum
377 567 460 635 inter
480 567 657 634 docendum
684 568 762 634 adeo
782 570 802 634 l
826 567 988 650 frequenti
1007 571 1190 646 dlscmtiutn

270 681 445 750 'auditorio
462 681 548 748 abire
563 693 700 764 cogunt.
742 681 899 750 Paulatim
920 701 996 766 spes
1019 699 1092 752 cum
1109 690 1192 774 erigit

280 797 495 864 restituendae
513 797 625 861 uxoris
646 809 678 862 et
693 794 831 877 filiolae,
854 813 1048 880 quamquam
1073 807 1194 872 venali·

280 912 334 994 la;
357 931 427 980 nam
444 911 601 977 exhausto
626 925 866 996 consumtoquc
882 913 973 980 omni
990 917 1191 986 remediorum

271 1045 340 1098 usu
356 1041 388 1094 et
399 1027 635 1112 experimento,
658 1037 794 1112 utraque
809 1029 842 1095 in
857 1031 965 1097 eadem
983 1035 1073 1102 clsde
1088 1035 1191 1103 hodio·

225 1211 231 1224 ,
267 1155 340 1226 'que
353 1143 456 1211 visits
479 1145 535 1210 sed
550 1159 653 1210 tamen
671 1163 746 1228 spes
760 1161 832 1212 eum
849 1145 964 1231 erigita
987 1149 1065 1217 huic
1087 1171 1193 1219 succe·

273 1259 322 1326 dit
337 1257 440 1340 ratio,
464 1257 602 1340 denique
621 1273 749 1343 tempus
772 1275 805 1326 et
823 1265 1043 1345 consuetudo,
1065 1267 1101 1332 in
1121 1269 1191 1350 qui·

271 1373 338 1439 bus
365 1372 558 1439 lenissimam
583 1373 899 1460 efficacissimamque
918 1379 1032 1446 doloris
1057 1383 1189 1450 medici-

272 1509 348 1560 nam
364 1491 466 1572 aegris
482 1489 671 1557 mortalibus
686 1493 856 1558 constituit
869 1496 995 1577 optime
1008 1516 1109 1580 percus
1126 1517 1186 1566 na·

271 1617 346 1672 tura
358 1650 370 1686 ‚
383 1607 518 1690 ejusque
533 1604 790 1686 sapientissimus
805 1621 919 1685 auctor
933 1609 1037 1678 Deus.
1076 1611 1190 1681 Ruhn-

233 1743 237 1752 ·
274 1697 392 1788 irenius
411 1736 486 1786 suae
502 1720 620 1786 sensim
638 1719 720 1786 sorti
736 1721 919 1802 assuescit,
943 1725 1057 1791 uxods
1071 1725 1193 1794 filiolae·

273 1856 339 1921 que
361 1837 479 1902 cladem
506 1835 687 1922 integritate
703 1851 733 1903 et
762 1836 841 1905 dore
855 1839 991 1924 majoris
1012 1839 1095 1908 filiae
1109 1863 1191 1911 com·

266 1965 404 2035 pensat,
445 1950 626 2017 intermissa
650 1949 826 2017 Literarum
853 1953 963 2020 studia
991 1959 1120 2040 repetit,
1147 1979 1192 2024 rc·

270 2081 454 2134 nascentem
476 2066 613 2134 subinde
629 2067 770 2136 dolorem
788 2071 949 2138 suavitate
963 2073 1119 2141 doctrinae
1131 2077 1189 2142 ab·

142 2231 145 2240 2
263 2183 395 2266 stergit.

258 2319 261 2332 ·
313 2295 359 2361 Et
371 2298 465 2378 quasi
478 2295 609 2366 fortuna
622 2300 728 2367 omnia
741 2304 938 2386 experiretur
949 2307 1189 2389 quibuslluhs-

257 2409 353 2478 itenii
378 2415 591 2478 constantiam
616 2417 839 2502 labefactaret,
862 2423 926 2488 sub
954 2426 1035 2492 idem
1061 2429 1088 2492 ei
1111 2441 1187 2493 tcm-

266 2545 334 2614 pus
357 2525 435 2592 alias
459 2525 579 2612 objecit
603 2513 838 2618 aegritudinum
867 2551 1023 2626 caussas,
1051 2543 1185 2611 leviores

265 2643 418 2727 quidem,
442 2647 498 2711 sed
521 2661 629 2714 tamen
653 2649 739 2716 haud
757 2653 928 2722 mediocris
948 2660 1022 2726 illas
1038 2661 1188 2726 momenti

263 2760 304 2824 ad
314 2759 550 2844 deprimendum
571 2765 736 2848 animum,
755 2767 784 2834 sl
801 2773 840 2836 ad
857 2775 1042 2855 gravimum
1060 2781 1184 2862 pondus

162 2849 165 2856 ’
263 2875 477 2944 calamitatum
505 2883 704 2950 accesserint.
751 2884 905 2954 Homines
932 2894 1062 2972 quidam
1079 2895 1187 2978 docti,

252 2993 379 3077 ·partim
395 2993 537 3076 inimici,
559 2998 676 3080 partim
691 3002 817 3067 lauduna
842 3006 911 3089 ejus
933 3009 1188 3096 obtrectatores,

261 3103 413 3176 inlibris
440 3109 570 3194 publice
595 3116 688 3182 editis
714 3135 787 3185 cum
813 3123 985 3192 acerbitate
1003 3143 1031 3194 et
1046 3130 1188 3198 malevo-

261 3224 360 3291 lentia
378 3226 412 3290 ln
431 3243 502 3292 eum
520 3227 763 3304 invehebantur,
807 3239 886 3307 Erat
909 3243 1041 3312 iliorum
1064 3261 1188 3332 tempo·

270 3359 341 3406 rum
360 3341 499 3422 aequalis
517 3343 724 3414 Christianus
742 3351 914 3436 ridulphus
934 3359 1110 3443 Klotzius,
1131 3362 1188 3426 bo·

127 3457 130 3462 “
263 3475 319 3526 mo
343 3461 574 3546 perelegantes,
598 3466 655 3532 sed
680 3466 816 3548 inquieti
840 3487 870 3537 ct
894 3471 1118 3558 contentiosi,
1141 3479 1186 3546 in·

262 3553 367 3654 genii:
392 3577 449 3657 qui
474 3595 529 3661 per
551 3560 679 3648 libellos
705 3599 777 3649 curn
795 3583 978 3656 Burmanno
995 3593 1115 3659 bellum
1133 3611 1184 3676 gt·

247 3685 369 3768 rebat,
399 3695 574 3776 sociosque
604 3696 666 3762 sibi
692 3697 865 3766 Emestum
894 3717 924 3768 ct
951 3703 1181 3775 Ruhnkenium

248 3797 429 3890 adjungere
454 3811 632 3896 cupiebata
663 3831 801 3898 quorum
830 3817 864 3888 in
888 3837 1031 3908 utroque
1063 3825 1179 3891 frustra

1094 3935 1174 4014 fult,
