<?xml version="1.0" encoding="UTF-8"?>
<!DOCTYPE html PUBLIC "-//W3C//DTD XHTML 1.0 Transitional//EN"
    "http://www.w3.org/TR/xhtml1/DTD/xhtml1-transitional.dtd">
<html xmlns="http://www.w3.org/1999/xhtml" xml:lang="en" lang="en">
 <head>
  <title>
</title>
<meta http-equiv="Content-Type" content="text/html;charset=utf-8" />
  <meta name='ocr-system' content='tesseract 3.04.00' />
  <meta name='ocr-capabilities' content='ocr_page ocr_carea ocr_par ocr_line ocrx_word'/>
</head>
<body>
  <div class='ocr_page' id='page_1' title='image "./opusculavariiar01wyttgoog_0435.png"; bbox 0 0 2438 4718; ppageno 0'>
   <div class='ocr_carea' id='block_1_1' title="bbox 251 184 1191 345">
    <p class='ocr_par' dir='ltr' id='par_1_1' title="bbox 251 184 1191 345">
     <span class='ocr_line' id='line_1_1' title="bbox 251 184 1191 345; baseline -0.002 -21"><span class='ocrx_word' id='word_1_1' title='bbox 251 251 320 345; x_wconf 67' lang='lat' dir='ltr'>qn</span> <span class='ocrx_word' id='word_1_2' title='bbox 361 237 618 324; x_wconf 74' lang='lat' dir='ltr'>omnino</span> <span class='ocrx_word' id='word_1_3' title='bbox 640 235 1098 323; x_wconf 79' lang='lat' dir='ltr'>nunrnovrnsrormu</span> <span class='ocrx_word' id='word_1_4' title='bbox 1190 184 1191 278; x_wconf 84' lang='lat' dir='ltr'>l</span> 
     </span>
    </p>
   </div>
   <div class='ocr_carea' id='block_1_2' title="bbox 248 400 1195 3778">
    <p class='ocr_par' dir='ltr' id='par_1_2' title="bbox 253 400 1194 988">
     <span class='ocr_line' id='line_1_2' title="bbox 255 400 1192 522; baseline -0.001 -14"><span class='ocrx_word' id='word_1_5' title='bbox 255 423 403 510; x_wconf 81' lang='lat' dir='ltr'>¹studium</span> <span class='ocrx_word' id='word_1_6' title='bbox 419 433 454 504; x_wconf 85' lang='lat' dir='ltr'>in</span> <span class='ocrx_word' id='word_1_7' title='bbox 471 430 698 517; x_wconf 72' lang='lat' dir='ltr'>perspicuisne</span> <span class='ocrx_word' id='word_1_8' title='bbox 712 445 825 516; x_wconf 88' lang='lat' dir='ltr'>ponet.</span> <span class='ocrx_word' id='word_1_9' title='bbox 869 433 975 522; x_wconf 83' lang='lat' dir='ltr'>Quam</span> <span class='ocrx_word' id='word_1_10' title='bbox 989 435 1108 520; x_wconf 79' lang='lat' dir='ltr'>quidam</span> <span class='ocrx_word' id='word_1_11' title='bbox 1118 437 1159 507; x_wconf 73' lang='lat' dir='ltr'>rio·</span> <span class='ocrx_word' id='word_1_12' title='bbox 1191 400 1192 480; x_wconf 48' lang='lat' dir='ltr'>i</span> 
     </span>
     <span class='ocr_line' id='line_1_3' title="bbox 255 551 1193 642; baseline -0.004 -16"><span class='ocrx_word' id='word_1_13' title='bbox 255 558 364 626; x_wconf 72' lang='lat' dir='ltr'>danus</span> <span class='ocrx_word' id='word_1_14' title='bbox 379 573 398 620; x_wconf 85' lang='grc' dir='ltr'>ι</span> <span class='ocrx_word' id='word_1_15' title='bbox 408 551 645 638; x_wconf 89' lang='lat' dir='ltr'>compluribus,</span> <span class='ocrx_word' id='word_1_16' title='bbox 658 569 744 636; x_wconf 89' lang='lat' dir='ltr'>quos</span> <span class='ocrx_word' id='word_1_17' title='bbox 759 553 924 624; x_wconf 83' lang='lat' dir='ltr'>nominare</span> <span class='ocrx_word' id='word_1_18' title='bbox 936 571 1004 624; x_wconf 87' lang='lat' dir='ltr'>non</span> <span class='ocrx_word' id='word_1_19' title='bbox 1016 569 1065 624; x_wconf 82' lang='lat' dir='ltr'>oar</span> <span class='ocrx_word' id='word_1_20' title='bbox 1077 574 1159 642; x_wconf 86' lang='lat' dir='ltr'>opus,</span> <span class='ocrx_word' id='word_1_21' title='bbox 1192 614 1193 632; x_wconf 67' lang='grc'>,</span> 
     </span>
     <span class='ocr_line' id='line_1_4' title="bbox 257 665 1163 754; baseline -0.007 -14"><span class='ocrx_word' id='word_1_22' title='bbox 257 668 459 740; x_wconf 71' lang='lat' dir='ltr'>doctissimis</span> <span class='ocrx_word' id='word_1_23' title='bbox 487 665 581 734; x_wconf 74' lang='lat' dir='ltr'>uiam</span> <span class='ocrx_word' id='word_1_24' title='bbox 605 665 708 750; x_wconf 82' lang='lat' dir='ltr'>viris,</span> <span class='ocrx_word' id='word_1_25' title='bbox 729 667 809 734; x_wconf 78' lang='lat' dir='ltr'>ideo</span> <span class='ocrx_word' id='word_1_26' title='bbox 831 669 1006 754; x_wconf 75' lang='lat' dir='ltr'>neglectam</span> <span class='ocrx_word' id='word_1_27' title='bbox 1030 687 1117 752; x_wconf 81' lang='lat' dir='ltr'>crac,</span> <span class='ocrx_word' id='word_1_28' title='bbox 1134 682 1163 734; x_wconf 88' lang='lat' dir='ltr'>ua</span> 
     </span>
     <span class='ocr_line' id='line_1_5' title="bbox 259 781 1194 872; baseline -0.006 -14"><span class='ocrx_word' id='word_1_29' title='bbox 259 805 356 872; x_wconf 89' lang='lat' dir='ltr'>saepe</span> <span class='ocrx_word' id='word_1_30' title='bbox 372 785 491 856; x_wconf 81' lang='lat' dir='ltr'>minori</span> <span class='ocrx_word' id='word_1_31' title='bbox 506 782 640 869; x_wconf 77' lang='lat' dir='ltr'>negorio</span> <span class='ocrx_word' id='word_1_32' title='bbox 655 784 749 852; x_wconf 90' lang='lat' dir='ltr'>locus</span> <span class='ocrx_word' id='word_1_33' title='bbox 766 781 923 854; x_wconf 78' lang='lat' dir='ltr'>Auctoris</span> <span class='ocrx_word' id='word_1_34' title='bbox 939 801 1038 870; x_wconf 86' lang='lat' dir='ltr'>quam</span> <span class='ocrx_word' id='word_1_35' title='bbox 1053 785 1161 853; x_wconf 80' lang='lat' dir='ltr'>ilomu</span> <span class='ocrx_word' id='word_1_36' title='bbox 1193 829 1194 840; x_wconf 33' lang='grc' dir='ltr'>ι</span> 
     </span>
     <span class='ocr_line' id='line_1_6' title="bbox 253 899 729 988; baseline -0.017 -14"><span class='ocrx_word' id='word_1_37' title='bbox 253 900 476 988; x_wconf 74' lang='grc' dir='ltr'>Ιηιιιριειιιίο</span> <span class='ocrx_word' id='word_1_38' title='bbox 490 899 704 986; x_wconf 78' lang='lat' dir='ltr'>intelligatur.</span> <span class='ocrx_word' id='word_1_39' title='bbox 724 935 729 946; x_wconf 89' lang='lat'><strong>·</strong></span> 
     </span>
    </p>

    <p class='ocr_par' dir='ltr' id='par_1_3' title="bbox 248 1013 1195 3778">
     <span class='ocr_line' id='line_1_7' title="bbox 297 1013 1195 1101; baseline -0.006 -16"><span class='ocrx_word' id='word_1_40' title='bbox 297 1016 386 1086; x_wconf 86' lang='lat' dir='ltr'>liaeo</span> <span class='ocrx_word' id='word_1_41' title='bbox 409 1033 470 1100; x_wconf 77' lang='lat' dir='ltr'>ego</span> <span class='ocrx_word' id='word_1_42' title='bbox 497 1029 599 1098; x_wconf 87' lang='lat' dir='ltr'>quum</span> <span class='ocrx_word' id='word_1_43' title='bbox 623 1029 656 1082; x_wconf 84' lang='lat' dir='ltr'>et</span> <span class='ocrx_word' id='word_1_44' title='bbox 679 1013 751 1082; x_wconf 86' lang='lat' dir='ltr'>aliis</span> <span class='ocrx_word' id='word_1_45' title='bbox 769 1013 852 1085; x_wconf 86' lang='lat' dir='ltr'>locis</span> <span class='ocrx_word' id='word_1_46' title='bbox 875 1015 1161 1101; x_wconf 63' lang='lat' dir='ltr'>disputaverimus</span> <span class='ocrx_word' id='word_1_47' title='bbox 1194 1046 1195 1050; x_wconf 18' lang='grc' dir='ltr'>ι</span> 
     </span>
     <span class='ocr_line' id='line_1_8' title="bbox 255 1135 1161 1222; baseline -0.011 -12"><span class='ocrx_word' id='word_1_48' title='bbox 255 1137 384 1222; x_wconf 86' lang='lat' dir='ltr'>saepius</span> <span class='ocrx_word' id='word_1_49' title='bbox 395 1135 646 1217; x_wconf 60' lang='lat' dir='ltr'>incubuerim,</span> <span class='ocrx_word' id='word_1_50' title='bbox 663 1147 697 1200; x_wconf 89' lang='lat' dir='ltr'>et</span> <span class='ocrx_word' id='word_1_51' title='bbox 712 1136 774 1204; x_wconf 86' lang='lat' dir='ltr'>hoc</span> <span class='ocrx_word' id='word_1_52' title='bbox 793 1135 869 1204; x_wconf 89' lang='lat' dir='ltr'>loco</span> <span class='ocrx_word' id='word_1_53' title='bbox 879 1137 1060 1220; x_wconf 84' lang='lat' dir='ltr'>retulerim,</span> <span class='ocrx_word' id='word_1_54' title='bbox 1074 1151 1161 1218; x_wconf 82' lang='lat' dir='ltr'>neque</span> 
     </span>
     <span class='ocr_line' id='line_1_9' title="bbox 254 1251 1157 1337; baseline -0.013 -10"><span class='ocrx_word' id='word_1_55' title='bbox 254 1271 365 1326; x_wconf 84' lang='lat' dir='ltr'>tameo</span> <span class='ocrx_word' id='word_1_56' title='bbox 379 1272 413 1320; x_wconf 87' lang='lat' dir='ltr'>re</span> <span class='ocrx_word' id='word_1_57' title='bbox 438 1267 471 1321; x_wconf 87' lang='lat' dir='ltr'>et</span> <span class='ocrx_word' id='word_1_58' title='bbox 495 1251 586 1320; x_wconf 76' lang='lat' dir='ltr'>ficto</span> <span class='ocrx_word' id='word_1_59' title='bbox 610 1253 769 1337; x_wconf 84' lang='lat' dir='ltr'>consequi</span> <span class='ocrx_word' id='word_1_60' title='bbox 794 1267 827 1320; x_wconf 83' lang='lat' dir='ltr'>et</span> <span class='ocrx_word' id='word_1_61' title='bbox 848 1251 977 1336; x_wconf 82' lang='lat' dir='ltr'>expleto</span> <span class='ocrx_word' id='word_1_62' title='bbox 996 1251 1157 1333; x_wconf 71' lang='lat' dir='ltr'>posuerimq</span> 
     </span>
     <span class='ocr_line' id='line_1_10' title="bbox 254 1363 1161 1456; baseline -0.02 -10"><span class='ocrx_word' id='word_1_63' title='bbox 254 1394 369 1446; x_wconf 80' lang='lat' dir='ltr'>vereor</span> <span class='ocrx_word' id='word_1_64' title='bbox 389 1391 431 1440; x_wconf 88' lang='lat' dir='ltr'>ne</span> <span class='ocrx_word' id='word_1_65' title='bbox 447 1369 533 1456; x_wconf 90' lang='lat' dir='ltr'>apud</span> <span class='ocrx_word' id='word_1_66' title='bbox 551 1370 726 1455; x_wconf 74' lang='lat' dir='ltr'>plerosque</span> <span class='ocrx_word' id='word_1_67' title='bbox 740 1368 775 1436; x_wconf 86' lang='lat' dir='ltr'>in</span> <span class='ocrx_word' id='word_1_68' title='bbox 795 1366 947 1435; x_wconf 74' lang='lat' dir='ltr'>canituris</span> <span class='ocrx_word' id='word_1_69' title='bbox 964 1363 1161 1450; x_wconf 80' lang='lat' dir='ltr'>reprehensio·</span> 
     </span>
     <span class='ocr_line' id='line_1_11' title="bbox 255 1481 1159 1568; baseline -0.017 -8"><span class='ocrx_word' id='word_1_70' title='bbox 255 1507 330 1560; x_wconf 86' lang='lat' dir='ltr'>ncm</span> <span class='ocrx_word' id='word_1_71' title='bbox 354 1489 525 1557; x_wconf 74' lang='lat' dir='ltr'>incurram.</span> <span class='ocrx_word' id='word_1_72' title='bbox 570 1483 615 1552; x_wconf 81' lang='grc' dir='ltr'>Ει</span> <span class='ocrx_word' id='word_1_73' title='bbox 635 1483 757 1568; x_wconf 82' lang='lat' dir='ltr'>ictoor,</span> <span class='ocrx_word' id='word_1_74' title='bbox 779 1485 862 1551; x_wconf 89' lang='lat' dir='ltr'>hanc</span> <span class='ocrx_word' id='word_1_75' title='bbox 891 1483 993 1568; x_wconf 87' lang='lat' dir='ltr'>ipsam</span> <span class='ocrx_word' id='word_1_76' title='bbox 1007 1481 1159 1565; x_wconf 76' lang='lat' dir='ltr'>cogiutio·</span> 
     </span>
     <span class='ocr_line' id='line_1_12' title="bbox 255 1595 1157 1674; baseline -0.012 1"><span class='ocrx_word' id='word_1_77' title='bbox 255 1623 329 1674; x_wconf 86' lang='lat' dir='ltr'>nem</span> <span class='ocrx_word' id='word_1_78' title='bbox 350 1621 402 1672; x_wconf 89' lang='lat' dir='ltr'>me</span> <span class='ocrx_word' id='word_1_79' title='bbox 420 1603 456 1670; x_wconf 89' lang='lat' dir='ltr'>in</span> <span class='ocrx_word' id='word_1_80' title='bbox 486 1601 672 1669; x_wconf 87' lang='lat' dir='ltr'>maturanda</span> <span class='ocrx_word' id='word_1_81' title='bbox 693 1599 1021 1670; x_wconf 82' lang='lat' dir='ltr'>Animadversionum</span> <span class='ocrx_word' id='word_1_82' title='bbox 1038 1595 1157 1665; x_wconf 79' lang='lat' dir='ltr'>didone</span> 
     </span>
     <span class='ocr_line' id='line_1_13' title="bbox 254 1713 1159 1800; baseline -0.009 -12"><span class='ocrx_word' id='word_1_83' title='bbox 254 1719 443 1788; x_wconf 84' lang='lat' dir='ltr'>retardasse.</span> <span class='ocrx_word' id='word_1_84' title='bbox 481 1715 584 1800; x_wconf 84' lang='lat' dir='ltr'>Sene,</span> <span class='ocrx_word' id='word_1_85' title='bbox 601 1715 705 1784; x_wconf 84' lang='lat' dir='ltr'>multo</span> <span class='ocrx_word' id='word_1_86' title='bbox 720 1729 770 1784; x_wconf 84' lang='lat' dir='ltr'>ost</span> <span class='ocrx_word' id='word_1_87' title='bbox 785 1713 915 1784; x_wconf 77' lang='lat' dir='ltr'>facilius</span> <span class='ocrx_word' id='word_1_88' title='bbox 931 1715 1012 1784; x_wconf 85' lang='lat' dir='ltr'>artis</span> <span class='ocrx_word' id='word_1_89' title='bbox 1025 1715 1159 1783; x_wconf 82' lang='lat' dir='ltr'>ratioom</span> 
     </span>
     <span class='ocr_line' id='line_1_14' title="bbox 258 1815 1162 1922; baseline 0 -22"><span class='ocrx_word' id='word_1_90' title='bbox 258 1851 356 1918; x_wconf 88' lang='lat' dir='ltr'>quam</span> <span class='ocrx_word' id='word_1_91' title='bbox 371 1815 487 1915; x_wconf 78' lang='lat' dir='ltr'>usum,</span> <span class='ocrx_word' id='word_1_92' title='bbox 499 1819 704 1917; x_wconf 78' lang='lat' dir='ltr'>quodvulgo</span> <span class='ocrx_word' id='word_1_93' title='bbox 719 1831 809 1900; x_wconf 79' lang='lat' dir='ltr'>aium</span> <span class='ocrx_word' id='word_1_94' title='bbox 819 1833 980 1900; x_wconf 68' lang='lat' dir='ltr'>siurim</span> <span class='ocrx_word' id='word_1_95' title='bbox 992 1851 1086 1916; x_wconf 87' lang='lat' dir='ltr'>quam</span> <span class='ocrx_word' id='word_1_96' title='bbox 1093 1847 1162 1922; x_wconf 75' lang='lat' dir='ltr'>pra·</span> 
     </span>
     <span class='ocr_line' id='line_1_15' title="bbox 255 1945 1160 2032; baseline -0.003 -15"><span class='ocrx_word' id='word_1_97' title='bbox 255 1951 341 2032; x_wconf 67' lang='lat' dir='ltr'>sin,</span> <span class='ocrx_word' id='word_1_98' title='bbox 362 1961 487 2030; x_wconf 85' lang='lat' dir='ltr'>tenere;</span> <span class='ocrx_word' id='word_1_99' title='bbox 510 1945 639 2017; x_wconf 85' lang='lat' dir='ltr'>facilius</span> <span class='ocrx_word' id='word_1_100' title='bbox 664 1961 714 2014; x_wconf 85' lang='lat' dir='ltr'>est</span> <span class='ocrx_word' id='word_1_101' title='bbox 739 1946 961 2031; x_wconf 86' lang='lat' dir='ltr'>benedicere,</span> <span class='ocrx_word' id='word_1_102' title='bbox 983 1965 1081 2032; x_wconf 82' lang='lat' dir='ltr'>quam</span> <span class='ocrx_word' id='word_1_103' title='bbox 1094 1945 1160 2014; x_wconf 80' lang='lat' dir='ltr'>ires·</span> 
     </span>
     <span class='ocr_line' id='line_1_16' title="bbox 255 2061 1158 2154; baseline -0.004 -18"><span class='ocrx_word' id='word_1_104' title='bbox 255 2085 316 2154; x_wconf 70' lang='grc' dir='ltr'>τις</span> <span class='ocrx_word' id='word_1_105' title='bbox 337 2068 424 2150; x_wconf 82' lang='lat' dir='ltr'>leges</span> <span class='ocrx_word' id='word_1_106' title='bbox 440 2065 600 2147; x_wconf 85' lang='lat' dir='ltr'>scribere,</span> <span class='ocrx_word' id='word_1_107' title='bbox 620 2081 717 2148; x_wconf 80' lang='lat' dir='ltr'>quom</span> <span class='ocrx_word' id='word_1_108' title='bbox 733 2063 838 2148; x_wconf 81' lang='lat' dir='ltr'>sequi.</span> <span class='ocrx_word' id='word_1_109' title='bbox 882 2061 966 2131; x_wconf 83' lang='lat' dir='ltr'>Nam</span> <span class='ocrx_word' id='word_1_110' title='bbox 985 2077 1025 2130; x_wconf 91' lang='lat' dir='ltr'>ut</span> <span class='ocrx_word' id='word_1_111' title='bbox 1042 2063 1158 2147; x_wconf 82' lang='lat' dir='ltr'>reliqua</span> 
     </span>
     <span class='ocr_line' id='line_1_17' title="bbox 257 2185 1163 2271; baseline -0.001 -18"><span class='ocrx_word' id='word_1_112' title='bbox 257 2186 403 2254; x_wconf 76' lang='lat' dir='ltr'>omitum</span> <span class='ocrx_word' id='word_1_113' title='bbox 428 2197 536 2268; x_wconf 86' lang='lat' dir='ltr'>artes,</span> <span class='ocrx_word' id='word_1_114' title='bbox 558 2185 597 2252; x_wconf 89' lang='lat' dir='ltr'>de</span> <span class='ocrx_word' id='word_1_115' title='bbox 622 2185 852 2271; x_wconf 88' lang='lat' dir='ltr'>interpretandi</span> <span class='ocrx_word' id='word_1_116' title='bbox 873 2199 942 2252; x_wconf 80' lang='lat' dir='ltr'>arse</span> <span class='ocrx_word' id='word_1_117' title='bbox 967 2185 1163 2271; x_wconf 83' lang='lat' dir='ltr'>quotusquis-</span> 
     </span>
     <span class='ocr_line' id='line_1_18' title="bbox 256 2299 1163 2387; baseline 0 -21"><span class='ocrx_word' id='word_1_118' title='bbox 256 2317 321 2384; x_wconf 87' lang='lat' dir='ltr'>que</span> <span class='ocrx_word' id='word_1_119' title='bbox 336 2313 386 2368; x_wconf 85' lang='lat' dir='ltr'>est</span> <span class='ocrx_word' id='word_1_120' title='bbox 404 2299 484 2384; x_wconf 90' lang='lat' dir='ltr'>quio</span> <span class='ocrx_word' id='word_1_121' title='bbox 498 2301 642 2387; x_wconf 83' lang='lat' dir='ltr'>judicare</span> <span class='ocrx_word' id='word_1_122' title='bbox 656 2302 722 2371; x_wconf 88' lang='lat' dir='ltr'>sibi</span> <span class='ocrx_word' id='word_1_123' title='bbox 738 2319 835 2386; x_wconf 86' lang='lat' dir='ltr'>posse</span> <span class='ocrx_word' id='word_1_124' title='bbox 850 2301 1018 2370; x_wconf 84' lang='lat' dir='ltr'>videatur:</span> <span class='ocrx_word' id='word_1_125' title='bbox 1045 2315 1163 2387; x_wconf 81' lang='lat' dir='ltr'>quotus·</span> 
     </span>
     <span class='ocr_line' id='line_1_19' title="bbox 255 2415 1164 2502; baseline -0.002 -20"><span class='ocrx_word' id='word_1_126' title='bbox 255 2415 396 2501; x_wconf 85' lang='lat' dir='ltr'>quisque</span> <span class='ocrx_word' id='word_1_127' title='bbox 413 2433 453 2483; x_wconf 86' lang='lat' dir='ltr'>ex</span> <span class='ocrx_word' id='word_1_128' title='bbox 471 2415 759 2486; x_wconf 76' lang='lat' dir='ltr'>innumerabilibus</span> <span class='ocrx_word' id='word_1_129' title='bbox 777 2417 919 2502; x_wconf 84' lang='lat' dir='ltr'>Logicae</span> <span class='ocrx_word' id='word_1_130' title='bbox 936 2429 968 2481; x_wconf 85' lang='lat' dir='ltr'>et</span> <span class='ocrx_word' id='word_1_131' title='bbox 990 2415 1164 2484; x_wconf 77' lang='lat' dir='ltr'>doctoribus</span> 
     </span>
     <span class='ocr_line' id='line_1_20' title="bbox 255 2528 1167 2620; baseline 0 -22"><span class='ocrx_word' id='word_1_132' title='bbox 255 2543 288 2598; x_wconf 89' lang='lat' dir='ltr'>et</span> <span class='ocrx_word' id='word_1_133' title='bbox 306 2528 542 2615; x_wconf 82' lang='lat' dir='ltr'>scriptoribus,</span> <span class='ocrx_word' id='word_1_134' title='bbox 566 2531 648 2616; x_wconf 89' lang='lat' dir='ltr'>quin</span> <span class='ocrx_word' id='word_1_135' title='bbox 672 2535 742 2620; x_wconf 84' lang='lat' dir='ltr'>ejus</span> <span class='ocrx_word' id='word_1_136' title='bbox 769 2533 848 2600; x_wconf 81' lang='lat' dir='ltr'>orris</span> <span class='ocrx_word' id='word_1_137' title='bbox 871 2532 1029 2600; x_wconf 87' lang='lat' dir='ltr'>rationem</span> <span class='ocrx_word' id='word_1_138' title='bbox 1046 2547 1167 2620; x_wconf 82' lang='lat' dir='ltr'>acprae·</span> 
     </span>
     <span class='ocr_line' id='line_1_21' title="bbox 253 2645 1166 2736; baseline 0.001 -24"><span class='ocrx_word' id='word_1_139' title='bbox 253 2657 371 2730; x_wconf 87' lang='lat' dir='ltr'>cepta,</span> <span class='ocrx_word' id='word_1_140' title='bbox 391 2645 492 2714; x_wconf 84' lang='lat' dir='ltr'>veluti</span> <span class='ocrx_word' id='word_1_141' title='bbox 516 2665 555 2715; x_wconf 83' lang='lat' dir='ltr'>ex</span> <span class='ocrx_word' id='word_1_142' title='bbox 581 2647 708 2736; x_wconf 82' lang='lat' dir='ltr'>tripode</span> <span class='ocrx_word' id='word_1_143' title='bbox 722 2649 877 2733; x_wconf 86' lang='lat' dir='ltr'>oracula,</span> <span class='ocrx_word' id='word_1_144' title='bbox 898 2649 1066 2718; x_wconf 74' lang='grc' dir='ltr'>ἀοιιιιιειι</span> <span class='ocrx_word' id='word_1_145' title='bbox 1087 2650 1166 2717; x_wconf 79' lang='lat' dir='ltr'>rudo</span> 
     </span>
     <span class='ocr_line' id='line_1_22' title="bbox 252 2761 1167 2850; baseline 0.005 -25"><span class='ocrx_word' id='word_1_146' title='bbox 252 2761 400 2850; x_wconf 83' lang='lat' dir='ltr'>plerique</span> <span class='ocrx_word' id='word_1_147' title='bbox 416 2779 528 2830; x_wconf 86' lang='lat' dir='ltr'>omncs</span> <span class='ocrx_word' id='word_1_148' title='bbox 556 2763 597 2832; x_wconf 86' lang='lat' dir='ltr'>ab</span> <span class='ocrx_word' id='word_1_149' title='bbox 614 2763 703 2832; x_wconf 87' lang='lat' dir='ltr'>omni</span> <span class='ocrx_word' id='word_1_150' title='bbox 719 2763 870 2832; x_wconf 83' lang='lat' dir='ltr'>Veterum</span> <span class='ocrx_word' id='word_1_151' title='bbox 897 2765 1043 2834; x_wconf 88' lang='lat' dir='ltr'>lectione</span> <span class='ocrx_word' id='word_1_152' title='bbox 1059 2777 1167 2834; x_wconf 85' lang='lat' dir='ltr'>aestu·</span> 
     </span>
     <span class='ocr_line' id='line_1_23' title="bbox 253 2877 1168 2970; baseline -0.002 -20"><span class='ocrx_word' id='word_1_153' title='bbox 253 2880 323 2950; x_wconf 86' lang='lat' dir='ltr'>dio.</span> <span class='ocrx_word' id='word_1_154' title='bbox 365 2879 455 2970; x_wconf 87' lang='lat' dir='ltr'>Quid</span> <span class='ocrx_word' id='word_1_155' title='bbox 475 2881 595 2968; x_wconf 82' lang='lat' dir='ltr'>igitur,</span> <span class='ocrx_word' id='word_1_156' title='bbox 618 2881 704 2950; x_wconf 87' lang='lat' dir='ltr'>dicat</span> <span class='ocrx_word' id='word_1_157' title='bbox 722 2883 816 2966; x_wconf 88' lang='lat' dir='ltr'>quis,</span> <span class='ocrx_word' id='word_1_158' title='bbox 841 2901 974 2950; x_wconf 85' lang='lat' dir='ltr'>caussae</span> <span class='ocrx_word' id='word_1_159' title='bbox 996 2897 1067 2966; x_wconf 85' lang='lat' dir='ltr'>cst,</span> <span class='ocrx_word' id='word_1_160' title='bbox 1090 2877 1168 2966; x_wconf 87' lang='lat' dir='ltr'>quoi</span> 
     </span>
     <span class='ocr_line' id='line_1_24' title="bbox 253 2997 1170 3093; baseline -0.007 -25"><span class='ocrx_word' id='word_1_161' title='bbox 253 3013 291 3068; x_wconf 86' lang='lat' dir='ltr'>tu</span> <span class='ocrx_word' id='word_1_162' title='bbox 308 2999 366 3084; x_wconf 89' lang='lat' dir='ltr'>qui</span> <span class='ocrx_word' id='word_1_163' title='bbox 381 2999 480 3066; x_wconf 88' lang='lat' dir='ltr'>vitam</span> <span class='ocrx_word' id='word_1_164' title='bbox 496 3000 531 3093; x_wconf 84' lang='lat' dir='ltr'>in</span> <span class='ocrx_word' id='word_1_165' title='bbox 547 2997 856 3068; x_wconf 86' lang='lat' dir='ltr'>Veterumlectione</span> <span class='ocrx_word' id='word_1_166' title='bbox 873 3000 1060 3081; x_wconf 86' lang='lat' dir='ltr'>consumis,</span> <span class='ocrx_word' id='word_1_167' title='bbox 1076 2997 1170 3064; x_wconf 85' lang='lat' dir='ltr'>inter·</span> 
     </span>
     <span class='ocr_line' id='line_1_25' title="bbox 251 3113 1170 3202; baseline -0.001 -20"><span class='ocrx_word' id='word_1_168' title='bbox 251 3115 444 3202; x_wconf 77' lang='lat' dir='ltr'>precationis</span> <span class='ocrx_word' id='word_1_169' title='bbox 461 3115 615 3184; x_wconf 88' lang='lat' dir='ltr'>rationem</span> <span class='ocrx_word' id='word_1_170' title='bbox 633 3133 665 3185; x_wconf 90' lang='lat' dir='ltr'>ct</span> <span class='ocrx_word' id='word_1_171' title='bbox 684 3117 822 3193; x_wconf 85' lang='lat' dir='ltr'>officium</span> <span class='ocrx_word' id='word_1_172' title='bbox 845 3117 991 3186; x_wconf 80' lang='lat' dir='ltr'>oratione</span> <span class='ocrx_word' id='word_1_173' title='bbox 1005 3113 1170 3201; x_wconf 86' lang='lat' dir='ltr'>probabili·</span> 
     </span>
     <span class='ocr_line' id='line_1_26' title="bbox 251 3229 1170 3316; baseline 0 -22"><span class='ocrx_word' id='word_1_174' title='bbox 251 3241 302 3295; x_wconf 87' lang='lat' dir='ltr'>ter</span> <span class='ocrx_word' id='word_1_175' title='bbox 314 3229 486 3316; x_wconf 85' lang='lat' dir='ltr'>designas,</span> <span class='ocrx_word' id='word_1_176' title='bbox 503 3249 536 3297; x_wconf 86' lang='lat' dir='ltr'>re</span> <span class='ocrx_word' id='word_1_177' title='bbox 551 3245 583 3297; x_wconf 91' lang='lat' dir='ltr'>et</span> <span class='ocrx_word' id='word_1_178' title='bbox 599 3229 725 3299; x_wconf 87' lang='lat' dir='ltr'>actione</span> <span class='ocrx_word' id='word_1_179' title='bbox 736 3249 804 3299; x_wconf 87' lang='lat' dir='ltr'>non</span> <span class='ocrx_word' id='word_1_180' title='bbox 820 3229 894 3298; x_wconf 84' lang='lat' dir='ltr'>item</span> <span class='ocrx_word' id='word_1_181' title='bbox 909 3229 1118 3314; x_wconf 70' lang='lat' dir='ltr'>probabiliter</span> <span class='ocrx_word' id='word_1_182' title='bbox 1125 3245 1170 3294; x_wconf 83' lang='lat' dir='ltr'>m·</span> 
     </span>
     <span class='ocr_line' id='line_1_27' title="bbox 251 3345 1170 3432; baseline 0 -22"><span class='ocrx_word' id='word_1_183' title='bbox 251 3345 349 3428; x_wconf 84' lang='lat' dir='ltr'>piesi</span> <span class='ocrx_word' id='word_1_184' title='bbox 361 3347 441 3430; x_wconf 89' lang='lat' dir='ltr'>quid</span> <span class='ocrx_word' id='word_1_185' title='bbox 457 3359 528 3429; x_wconf 86' lang='lat' dir='ltr'>est,</span> <span class='ocrx_word' id='word_1_186' title='bbox 545 3349 636 3432; x_wconf 92' lang='lat' dir='ltr'>quod</span> <span class='ocrx_word' id='word_1_187' title='bbox 645 3347 947 3416; x_wconf 81' lang='lat' dir='ltr'>Animadversiooes</span> <span class='ocrx_word' id='word_1_188' title='bbox 961 3361 1035 3414; x_wconf 88' lang='lat' dir='ltr'>tuae</span> <span class='ocrx_word' id='word_1_189' title='bbox 1053 3359 1170 3414; x_wconf 86' lang='lat' dir='ltr'>tantum</span> 
     </span>
     <span class='ocr_line' id='line_1_28' title="bbox 250 3457 1168 3548; baseline 0.004 -26"><span class='ocrx_word' id='word_1_190' title='bbox 250 3457 293 3522; x_wconf 86' lang='lat' dir='ltr'>ab</span> <span class='ocrx_word' id='word_1_191' title='bbox 309 3457 364 3525; x_wconf 88' lang='lat' dir='ltr'>ilia</span> <span class='ocrx_word' id='word_1_192' title='bbox 382 3459 546 3546; x_wconf 74' lang='lat' dir='ltr'>designata</span> <span class='ocrx_word' id='word_1_193' title='bbox 555 3459 754 3548; x_wconf 77' lang='lat' dir='ltr'>perfectione</span> <span class='ocrx_word' id='word_1_194' title='bbox 767 3462 900 3530; x_wconf 86' lang='lat' dir='ltr'>absint‘i</span> <span class='ocrx_word' id='word_1_195' title='bbox 922 3463 1039 3530; x_wconf 85' lang='lat' dir='ltr'>Dicam</span> <span class='ocrx_word' id='word_1_196' title='bbox 1055 3461 1168 3548; x_wconf 86' lang='lat' dir='ltr'>paucis.</span> 
     </span>
     <span class='ocr_line' id='line_1_29' title="bbox 248 3571 1170 3664; baseline 0.001 -25"><span class='ocrx_word' id='word_1_197' title='bbox 248 3571 325 3656; x_wconf 82' lang='lat' dir='ltr'>Ego</span> <span class='ocrx_word' id='word_1_198' title='bbox 342 3575 444 3644; x_wconf 81' lang='lat' dir='ltr'>satius</span> <span class='ocrx_word' id='word_1_199' title='bbox 458 3577 560 3659; x_wconf 89' lang='lat' dir='ltr'>duxi,</span> <span class='ocrx_word' id='word_1_200' title='bbox 582 3579 657 3646; x_wconf 80' lang='lat' dir='ltr'>dare</span> <span class='ocrx_word' id='word_1_201' title='bbox 674 3579 766 3664; x_wconf 92' lang='lat' dir='ltr'>quod</span> <span class='ocrx_word' id='word_1_202' title='bbox 783 3579 929 3646; x_wconf 84' lang='lat' dir='ltr'>haberem</span> <span class='ocrx_word' id='word_1_203' title='bbox 946 3581 1170 3662; x_wconf 84' lang='lat' dir='ltr'>qualecunque</span> 
     </span>
     <span class='ocr_line' id='line_1_30' title="bbox 250 3686 1169 3778; baseline 0.002 -24"><span class='ocrx_word' id='word_1_204' title='bbox 250 3686 285 3754; x_wconf 90' lang='lat' dir='ltr'>id</span> <span class='ocrx_word' id='word_1_205' title='bbox 300 3703 407 3773; x_wconf 83' lang='lat' dir='ltr'>esset,</span> <span class='ocrx_word' id='word_1_206' title='bbox 430 3711 547 3776; x_wconf 87' lang='lat' dir='ltr'>quam,</span> <span class='ocrx_word' id='word_1_207' title='bbox 570 3713 666 3778; x_wconf 86' lang='lat' dir='ltr'>opere</span> <span class='ocrx_word' id='word_1_208' title='bbox 680 3695 802 3764; x_wconf 81' lang='lat' dir='ltr'>diutius</span> <span class='ocrx_word' id='word_1_209' title='bbox 820 3696 989 3777; x_wconf 85' lang='lat' dir='ltr'>ducendo,</span> <span class='ocrx_word' id='word_1_210' title='bbox 1012 3710 1071 3763; x_wconf 86' lang='lat' dir='ltr'>aut</span> <span class='ocrx_word' id='word_1_211' title='bbox 1097 3687 1169 3761; x_wconf 88' lang='lat' dir='ltr'>nihil</span> 
     </span>
    </p>
   </div>
   <div class='ocr_carea' id='block_1_3' title="bbox 236 3801 1169 3998">
    <p class='ocr_par' dir='ltr' id='par_1_4' title="bbox 236 3801 1169 3998">
     <span class='ocr_line' id='line_1_31' title="bbox 246 3801 1169 3998; baseline 0.022 -125"><span class='ocrx_word' id='word_1_212' title='bbox 246 3801 341 3887; x_wconf 86' lang='lat' dir='ltr'>date,</span> <span class='ocrx_word' id='word_1_213' title='bbox 362 3819 423 3872; x_wconf 88' lang='lat' dir='ltr'>aut</span> <span class='ocrx_word' id='word_1_214' title='bbox 448 3811 686 3900; x_wconf 83' lang='lat' dir='ltr'>qualecumque</span> <span class='ocrx_word' id='word_1_215' title='bbox 707 3811 792 3885; x_wconf 89' lang='lat' dir='ltr'>illud</span> <span class='ocrx_word' id='word_1_216' title='bbox 814 3829 922 3885; x_wconf 87' lang='lat' dir='ltr'>meum</span> <span class='ocrx_word' id='word_1_217' title='bbox 941 3811 1099 3886; x_wconf 68' lang='lat' dir='ltr'>diutius</span> <span class='ocrx_word' id='word_1_218' title='bbox 1116 3825 1169 3998; x_wconf 49' lang='grc' dir='ltr'>ΡΞ</span> 
     </span>
     <span class='ocr_line' id='line_1_32' title="bbox 236 3925 1132 3995; baseline 0.022 -20"><span class='ocrx_word' id='word_1_219' title='bbox 236 3939 256 3964; x_wconf 74' lang='grc'>·.</span> <span class='ocrx_word' id='word_1_220' title='bbox 297 3959 301 3966; x_wconf 87' lang='grc'>.</span> <span class='ocrx_word' id='word_1_221' title='bbox 1112 3925 1132 3995; x_wconf 86' lang='lat' dir='ltr'>b</span> 
     </span>
    </p>
   </div>
   <div class='ocr_carea' id='block_1_4' title="bbox 0 0 1224 4718">
    <p class='ocr_par' dir='ltr' id='par_1_5' title="bbox 0 0 1224 4718">
     <span class='ocr_line' id='line_1_33' title="bbox 0 0 1224 4718; baseline 0 1"><span class='ocrx_word' id='word_1_222' title='bbox 0 0 1224 4718; x_wconf 95' lang='lat' dir='ltr'> </span> 
     </span>
    </p>
   </div>
  </div>
 </body>
</html>
