2508 4712
104 267 108 275 ’
240 307 310 404 qt
406 295 544 375 vtt‘n
581 301 627 372 n.
665 291 1011 380 nunnuntttt.

242 515 308 572 nus
322 492 512 566 Ruhnkenii
528 487 686 579 (1767.)
708 491 805 575 periit
825 491 1010 562 Literatuut
1032 486 1179 584 studiis,

245 613 372 700 quippe
386 621 565 694 occupatus
580 625 711 675 munere
726 607 878 675 Rectotis
896 607 1091 696 Magnidclt
1108 616 1176 683 ltoc

244 733 331 800 cuim
348 743 398 796 est
417 741 531 794 nomen
553 719 734 792 Professori
762 723 882 806 quovis
899 741 986 793 anno
1006 729 1177 812 magian.

242 859 316 914 tunt
343 859 375 910 et
400 842 504 910 fraces
529 839 718 907 Academiae
740 840 883 908 habenti.
930 842 1174 930 nutriremus,

243 963 323 1034 vivo
343 959 447 1028 adhuc
469 955 742 1038 Hcmsterhuslo,
773 958 993 1025 constituerat
1019 977 1096 1025 eum
1122 961 1178 1028 ali·

247 1075 379 1164 quando
411 1085 576 1140 mortuum
603 1072 727 1154 scripto
749 1073 890 1139 laudare.
938 1071 1013 1156 Jam
1037 1075 1111 1158 ejus
1139 1073 1180 1142 tei

243 1206 374 1276 tempus
397 1203 431 1254 et
453 1187 683 1272 opportunitas
713 1201 868 1270 sequente
890 1184 1045 1272 deinceps
1071 1209 1178 1271 anno,

242 1304 411 1378 Februarii
423 1301 475 1370 die
489 1315 631 1385 octavo,
648 1301 762 1370 incidit
783 1301 929 1370 oratione
944 1304 1087 1372 habunda
1106 1325 1181 1374 mo·

241 1443 279 1494 re
293 1423 449 1508 malorum
464 1414 598 1484 Rectoti
612 1417 743 1486 abeunti
760 1418 820 1485 illo
835 1419 1036 1503 magistratu.
1078 1421 1173 1490 Huic

243 1537 387 1607 orationi
412 1533 629 1601 Ruhnkenius
654 1548 877 1618 argumentum
907 1532 989 1601 fecit
1011 1534 1170 1602 neuster·

245 1653 395 1723 Iturium.
440 1650 551 1732 Atque
570 1651 633 1716 hoc
653 1661 702 1714 est
728 1649 810 1714 illud
836 1649 1075 1718 Hemtterduu't'
1094 1653 1175 1721 Elo-

242 1773 358 1858 glum,
383 1784 449 1849 quo
471 1766 521 1833 nil
542 1765 575 1833 in
600 1765 690 1832 omni
708 1763 862 1850 elegantis
878 1766 1047 1836 doetrinae
1063 1785 1094 1834 et
1113 1772 1179 1836 elo·

245 1882 398 1970 quentiae
421 1899 533 1966 genere
551 1881 709 1948 recentior
735 1897 823 1948 aetas
842 1879 1021 1963 perfectius
1046 1885 1179 1955 absolu·

245 1999 382 2082 tiusque
399 1997 495 2065 vidit.
539 1995 623 2064 Num
644 2009 746 2080 quunt
766 1994 940 2078 perfectam
970 1998 1087 2064 Crititi
1107 1999 1181 2067 for·

246 2129 333 2184 lnam
353 2093 387 2180 in
408 2111 654 2180 Hemsterhusio
673 2112 876 2196 spectandam
897 2111 963 2178 sibi
983 2116 1179 2198 proposuis-

249 2242 329 2310 set,
368 2229 412 2294 lta
445 2231 515 2314 ejus
549 2227 737 2312 ingenium,
769 2227 972 2311 doctrinam,
1014 2229 1180 2313 animum,

246 2359 377 2424 mores,
400 2341 583 2424 explicuit,
610 2343 656 2408 ita
681 2340 821 2418 criticae
842 2341 907 2407 vim
934 2347 1178 2426 praestantiam·

246 2473 313 2544 que
335 2455 530 2536 declaravit,
553 2456 600 2522 lta
616 2456 725 2522 nativa
742 2455 796 2522 llla
813 2456 945 2540 ipsique
960 2462 1086 2544 propn'a
1108 2461 1178 2528 La-

246 2571 336 2640 tinae
352 2569 509 2636 orationis
524 2568 674 2636 castitate
688 2587 724 2634 ac
741 2584 913 2640 venustate
929 2593 992 2640 rem
1008 2594 1178 2660 argumen-

252 2701 389 2768 tumque
406 2682 603 2766 illustravitp
626 2698 685 2766 ut,
709 2703 810 2768 quum
827 2686 1035 2770 dubitemus,
1055 2691 1181 2773 plusne

247 2801 296 2870 alt
309 2801 345 2868 in
360 2820 395 2867 ea
410 2798 610 2884 scriptione,
634 2801 826 2885 suavitatis,
849 2803 994 2888 leporis,
1016 2806 1180 2889 pulcritu-

243 2917 361 2999 dinis,
382 2914 519 2996 nitoris‚
541 2933 583 2982 an
598 2915 806 2998 prudentiae,
828 2917 1018 3002 grauitatis,
1040 2920 1179 3006 dignita.

250 3032 316 3116 tis,
339 3028 535 3116 majestatis,
559 3027 775 3116 jucundiorne
795 3031 838 3098 sit
860 3031 947 3098 lectu
972 3051 1015 3100 an
1030 3033 1185 3104 fructuo-

247 3133 322 3216 sior⁸
344 3141 492 3229 exemplo
511 3159 545 3212 et
564 3144 792 3230 institutione,
814 3145 896 3213 illud
913 3166 980 3215 non
997 3149 1183 3217 dubitemus

250 3263 427 3344 affirmtre,
459 3277 532 3327 vete
560 3261 724 3328 rureolum
751 3279 821 3328 esee
851 3261 1022 3345 libellum,
1053 3265 1183 3350 inquo

251 3377 424 3449 formando
445 3391 477 3444 et
497 3373 616 3443 Musae
640 3391 750 3445 omnes
768 3389 801 3443 et
827 3375 958 3446 Gratiae
975 3379 1185 3465 conspirasse

250 3496 433 3564 videantur.
1114 3515 1118 3522 ·

295 3612 423 3680 Eodem
448 3625 533 3678 anno
561 3605 661 3674 edidit
686 3603 848 3676 Rutilium
874 3606 1008 3692 Lupum
1032 3611 1074 3678 de
1089 3609 1187 3696 Figu-

112 3739 115 3748 ’
251 3725 302 3797 tis
333 3725 587 3804 Sententiarum,
619 3741 693 3788 cunt
714 3723 854 3803 Aquilae
876 3723 1018 3792 Romani
1047 3743 1079 3793 et
1103 3727 1182 3811 Julii
1239 3751 1240 3820 ι

254 3834 423 3910 Rufiniaui
450 3840 488 3902 de
516 3839 626 3908 eodem
661 3849 848 3920 argumento
881 3835 1014 3915 libellis.
1065 3839 1185 3910 Rutilii
1239 3837 1240 3930 ᾖ

1094 3971 1181 4038 opu·
