2470 4724
181 336 328 440 vlla
351 331 397 417 n.
436 325 776 414 tenuentur.
882 349 953 448 „g

25 557 90 626 poe
109 547 224 618 operte
240 525 415 614 limatum,
445 535 541 591 sexto
562 531 775 604 posteaquam
798 519 832 590 im
856 523 957 604 lione

27 646 183 736 sterltttsii
204 640 413 726 ‘disciplinatu
430 653 556 704 venerat
583 653 689 719 anno,
714 637 958 724 quadragesimo

24 785 117 848 nono
133 765 231 849 hujus
247 756 384 838 saeculi,
399 750 543 838 prodidit
557 751 683 820 duabus
702 750 867 838 Epistolie
883 753 956 822 Cris

26 880 122 961 ticisr
155 876 254 943 altera
280 871 320 938 de
342 871 485 940 Homero
508 879 540 932 et
563 860 735 950 Hesiodo,
757 866 798 936 ad
823 865 961 944 Valckeo

26 995 175 1074 natium,
209 1004 334 1071 novum
362 984 520 1066 amicum„
551 980 787 1053 Hemsterbusii
812 983 961 1068 discipu,

27 1115 122 1195 lum,
155 1107 292 1176 alterum
317 1101 439 1173 abillo
472 1116 586 1171 nosrta
617 1115 716 1168 aetate
742 1105 963 1188 memoriaque

24 1228 224 1301 Graecarum
256 1217 439 1285 Literatum
468 1191 670 1298 principem:
703 1214 797 1282 altere
820 1217 858 1284 de
885 1218 962 1292 Calo

29 1340 172 1414 limacho
200 1349 232 1405 et
263 1329 449 1416 Apollonio
484 1328 639 1412 Rhodio,
670 1329 801 1398 biennio
827 1351 962 1418 postea,

25 1459 65 1536 ,d
87 1453 288 1532 ernestum,
311 1461 454 1538 veterem
483 1447 646 1528 amicum,
669 1448 821 1532 elegantis
840 1451 962 1524 doctrin

26 1592 86 1644 aaa
109 1586 186 1635 cum
214 1563 380 1646 Graecae,
402 1577 472 1628 tum
496 1560 533 1628 in
559 1562 671 1646 primis
700 1563 858 1648 Latinae,
888 1585 964 1659 cun

25 1687 179 1758 Gesnero
205 1679 241 1744 in
266 1675 436 1745 Germania
466 1677 587 1762 primas
611 1694 781 1757 tenentem.
832 1684 964 1756 Utriuts

26 1823 99 1888 que
130 1799 299 1886 Epistulae
329 1814 552 1884 argumentum
580 1803 778 1886 congruebat
802 1821 878 1874 cum
907 1824 965 1876 ecs

24 1937 130 1999 rum,
165 1917 204 1981 ad
231 1932 315 1998 quos
340 1913 480 1998 scriptae
502 1929 614 1996 erant,
644 1915 776 1988 studiis.
821 1917 905 1987 Nam
930 1930 964 1992 et

27 2035 195 2104 Ernestus
232 2028 445 2110 meditabatur
483 2049 611 2106 novam,
638 2031 830 2104 Callimachi
850 2033 964 2110 editio,-

29 2169 124 2234 pem:
144 2162 179 2214 et
187 2145 420 2228 Valckenarius
440 2149 626 2215 versabatur
640 2147 673 2214 in
692 2149 834 2216 Homero
849 2151 890 2218 td
904 2150 967 2219 crin

35 2271 137 2336 ticam
160 2264 315 2332 tutionem
335 2263 489 2348 exigendo
509 2280 540 2330 et
556 2264 732 2347 poliendo,
754 2268 850 2352 cujus
862 2266 966 2346 studii

29 2396 138 2456 exstat
164 2379 330 2466 specimen
358 2379 391 2446 in
417 2379 527 2452 lliadis
553 2383 821 2468 libro-uigesimo
847 2404 965 2458 secutas

31 2503 98 2582 do,
123 2497 185 2581 qui
204 2496 374 2582 separatim
391 2497 432 2562 ab
457 2517 495 2566 co
510 2499 615 2568 editus
641 2517 701 2570 est.
746 2501 964 2580 Ruhnkenius
1069 2479 1072 2488 ¹

32 2612 213 2702 majoribus
250 2613 384 2680 llometi
419 2616 614 2694 carminibus
649 2619 761 2686 critice
790 2622 967 2694 tractandis

30 2737 120 2805 aliud
143 2749 274 2817 tempus
294 2732 499 2810 destinabat:
522 2750 601 2806 tune
625 2737 774 2817 llymnos
796 2755 968 2820 tegumen·

31 2875 105 2930 tom
133 2853 302 2936 Epistulae
335 2851 503 2934 sumebat3
537 2854 625 2935 quod
661 2851 791 2919 criticae
817 2853 968 2922 facultati

33 2969 226 3056 ampliorem
243 2969 518 3053 promtiorcmque
536 2967 697 3036 materiam
713 2970 862 3054 praebere
878 2971 968 3038 vide·

37 3101 167 3154 rentur.
212 3083 358 3166 Utraque
383 3103 450 3152 mon
469 3084 574 3151 solum
599 3084 635 3152 in
657 3083 716 3164 iis,
740 3102 824 3166 quos
848 3081 967 3153 titulus

36 3197 283 3286 profitebatur,
317 3198 374 3263 sed
407 3196 441 3266 in
471 3198 545 3268 aliis
576 3199 751 3284 quibusvis
782 3198 968 3270 versabatur

33 3315 266 3399 Scriptoribus
290 3311 448 3396 Graecis,
471 3315 788 3401 epigrammatibus,
811 3312 995 3396 Orphicit,

34 3429 265 3511 carminibus,
287 3427 455 3518 Hesycbio
487 3445 518 3496 et
542 3427 675 3496 caeteris
698 3425 966 3512 Leticographis·

29 3547 71 3621 ln
113 3561 284 3628 utraque,
317 3559 355 3610 ut
390 3543 498 3629 primo
525 3541 712 3611 Ruhnkcnii
742 3539 859 3608 critico
893 3555 971 3624 ope·

30 3683 89 3746 ce,
121 3661 337 3730 adolescentis
362 3662 549 3748 ingenium,
579 3675 741 3743 tamquam
768 3655 897 3724 Phidiae
922 3651 968 3722 ab

28 3795 137 3866 gnum
160 3775 288 3864 (η),
321 3776 421 3844 simul
442 3779 631 3865 tdspectum
656 3789 689 3844 et
710 3771 882 3862 probatum
905 3782 969 3838 est.

885 3882 974 3952 Tan·

76 4041 184 4126 (23)
203 4045 311 4108 Cicero
330 4045 411 4107 Brut.
429 4043 478 4121 64.
