2470 4724
260 241 332 330 ,pu
441 229 579 306 vrrs
610 229 655 304 n.
684 223 1011 304 nunnnrrnrn·
1122 263 1126 272 -

263 441 337 492 cum
362 421 551 492 Brunclrior
579 423 664 504 opud
692 439 787 504 quem
814 437 912 505 quurn
936 415 1075 500 rllqumdo
1089 430 1124 480 so

263 557 354 613 sem.
385 539 478 622 isque
506 535 672 604 Timaeum
698 533 983 612 Ruhnkenianum‚
1009 530 1055 614 qni
1068 524 1127 594 lonc

262 659 298 726 in
316 671 447 739 promtu
473 671 561 735 etot,
584 654 618 720 in
642 670 756 719 manus
779 668 930 730 sumena,
952 647 1068 724 diones,
1089 641 1128 704 llil

262 787 309 840 est
334 790 415 837 utun
439 773 476 836 t'n
502 781 571 856 tota
604 768 805 834 Littratura
832 763 960 846 Graeca
989 754 1130 826 libelumi

266 889 338 957 tnui
351 901 381 952 ct
395 887 599 952 bre-tissimus
614 897 645 948 ec
660 882 880 948 doctissimus!
901 880 1014 959 Recta,
1029 874 1131 953 nonu

265 1011 338 1082 nist
365 1005 614 1090 inrumperet
638 1005 706 1090 ipso
734 997 824 1081 duo,
848 1011 880 1064 ct
904 1017 984 1062 ωηο
1004 993 1091 1060 dicore
1105 1005 1134 1052 ne

263 1095 415 1190 solensem
451 1103 627 1203 occupasti.
688 1115 764 1202 Quo
797 1116 899 1201 magis
926 1113 1017 1180 miror
1041 1107 1133 1173 doum

264 1231 431 1316 quemdam
459 1229 564 1296 uirum
599 1227 802 1312 Lipsieosem
829 1228 957 1294 chartac
979 1222 1133 1309 pepercisse,

262 1341 394 1412 minime
415 1341 602 1424 ceteroquin
625 1343 695 1426 eius
717 1355 869 1424 parcum,
892 1340 950 1424 qui
965 1338 1134 1406 Timaeuntt

261 1455 440 1528 Moeridem
457 1473 542 1522 nouo
557 1454 695 1522 editione
712 1449 861 1538 repetiit,
885 1457 1011 1524 omissis
1027 1451 1134 1520 liuiulo

263 1573 312 1642 nii
337 1585 369 1636 et
386 1567 532 1637 Picrsoni
553 1553 908 1652 minrdvaisionibus,
930 1571 964 1638 in
983 1569 1135 1653 quibusm·

262 1691 350 1762 xime
366 1707 397 1757 et
421 1690 590 1773 praecipue
608 1688 736 1756 illorum
763 1686 1048 1758 Grammaticorum
1065 1683 1136 1770 posin

261 1824 313 1876 est
331 1804 453 1884 utilitas
471 1822 502 1872 et
522 1805 771 1874 commendatio.
814 1805 1027 1875 Ruhnlsenius
1048 1803 1135 1888 quien

262 1925 322 1992 irae
339 1925 373 1992 in
397 1919 532 1991 'finaeo
553 1925 696 1992 navauda
711 1941 829 2006 opera,
852 1940 978 2007 praeter
995 1921 1135 1992 animdttn
1179 1931 1180 1936 ’

261 2039 374 2108 cinnes
398 2039 431 2107 in
459 2039 532 2125 ipso
568 2041 652 2107 libro
678 2041 845 2124 proditas,
879 2029 1133 2110 tantominus
1180 2097 1181 2102 ,

265 2170 452 2239 epparatum
482 2153 636 2241 collegit,
660 2156 716 2238 qui
743 2157 949 2228 instruendae
965 2153 1137 2228 nouellato·
1181 2153 1182 2226 l

260 2271 313 2342 nis
345 2271 479 2338 editioni
514 2271 690 2340 sufficeret:
721 2273 819 2355 idque
856 2288 887 2340 ct
917 2291 995 2344 tunc
1016 2277 1064 2361 jun
1082 2262 1141 2348 cepit
1182 2318 1183 2370 ,

262 2389 459 2469 consilium,
482 2403 514 2453 et
533 2403 644 2471 postea
675 2393 776 2473 magis
794 2391 927 2458 distulit
946 2411 1031 2476 quan
1045 2382 1140 2471 abjecit,

261 2521 294 2574 ct
320 2501 530 2588 perfecisset,
553 2501 616 2569 nisi
630 2503 780 2586 deinceps
796 2503 876 2571 aliae
894 2526 937 2576 ex
954 2508 1020 2576 aliis
1034 2499 1143 2584 scripio·

171 2681 174 2688 ,
263 2619 505 2718 pendensque
522 2623 695 2701 senectus,
719 2620 996 2702 supervenissent.

301 2738 461 2826 Quantam
486 2739 571 2820 opud
597 2755 645 2804 me
664 2736 728 2804 uim
751 2739 791 2804 ud
816 2740 1069 2824 progrediendum
1092 2745 1141 2812 pru·

260 2852 498 2935 ficicndumque
521 2851 666 2920 habuerit
681 2851 879 2921 Ruhnkenii
902 2854 1070 2930 Timaeus,
1088 2841 1143 2912 infr!

121 2977 124 2984 '
259 2969 410 3037 narrabo.
457 2967 570 3033 Valuit
589 2986 664 3034 vero
689 2969 758 3053 ejus
776 2969 922 3053 cognitio
956 2987 987 3038 et
1012 2959 1145 3034 auctorne

262 3083 350 3165 apud
376 3082 496 3148 multos
519 3083 558 3150 ad
581 3081 744 3152 Plutonem
770 3084 960 3168 legendum:
985 3097 1062 3150 certe
1078 3075 1144 3142 abts

259 3213 404 3282 tempore
417 3197 486 3283 ejus
505 3197 625 3280 dialogi
643 3199 730 3282 apud
746 3213 896 3282 exteros,
920 3200 955 3268 in
971 3196 1072 3284 primis
1084 3189 1142 3258 Get·

255 3331 375 3388 manos
395 3327 426 3377 et
450 3311 645 3396 Britannos,
668 3313 867 3382 editionibus
890 3313 1038 3382 celebnri
1062 3320 1147 3388 coepe·

259 3441 353 3496 runt.
397 3428 464 3510 Et,
483 3445 522 3494 ne
543 3429 605 3496 lroc
629 3445 839 3512 praeteream,
864 3429 1045 3500 Ruhnkenii
1074 3433 1149 3491 crem·

263 3538 323 3623 plo
340 3540 379 3606 ad
398 3541 541 3608 studium
558 3541 701 3610 Platonis
719 3545 876 3613 adductus
899 3563 949 3614 est
974 3536 1147 3612 Hemsterli·

263 3645 307 3720 sii
333 3651 421 3721 lilius
447 3656 661 3740 Franciscus,
689 3675 720 3726 et
747 3659 790 3727 ita
811 3663 850 3728 ad
871 3658 1058 3745 Philosophi
1081 3649 1151 3720 nilo

263 3777 335 3836 num
360 3785 456 3836 suum
472 3770 544 3858 ipse
567 3771 730 3860 ingenium
758 3769 1104 3862 conformaremini
1125 3763 1151 3826 ll·

1103 3870 1153 3942 pn.
