2506 4712
234 319 310 401 m
397 295 1013 384 vli'll·li.·itliiliixiirill.'

237 501 431 576 structuram
457 485 497 554 cd
524 483 677 552 Veterum
702 485 803 554 unius
824 487 965 574 alicujus
984 493 1164 578 exemplum

240 602 347 670 dedita
377 619 472 684 opera
502 599 732 670 conformavit,
786 602 872 672 Cum
897 605 1005 686 ipsius
1028 615 1158 695 naturi,

240 731 313 790 tum
340 717 460 801 optimi
485 719 645 802 cujusque
679 717 871 790 Latinorum
902 721 1167 810 Graecorumque

241 836 383 904 lectione
401 833 549 902 &tum
567 851 636 918 cst,
661 851 698 902 ut
723 839 885 922 propriam
912 844 1088 922 quamdam
1106 864 1173 912 nra·

246 955 348 1032 tionis
364 951 498 1030 formans
515 953 738 1036 conueheret,
760 955 924 1037 pellucido
938 971 972 1024 et
994 959 1071 1024 sine
1096 963 1170 1028 sale·

246 1069 317 1148 bris
342 1067 458 1136 labenti
475 1067 601 1136 flumini
624 1069 842 1137 simillimam
867 1089 949 1154 quae
975 1075 1063 1142 inter
1090 1077 1174 1160 rim,

243 1187 371 1271 copiam
384 1185 678 1270 ‚pulcritudinem
690 1187 875 1280 gravitatem
885 1235 898 1270 ,
909 1189 1175 1280 majestatemqne

244 1301 439 1383 Ciceronis,
471 1313 503 1368 ct
530 1301 738 1386 facilitatem,
765 1303 948 1388 lenitatem,
971 1309 1175 1395 nativamque

246 1435 280 1488 ct
307 1419 486 1504 simplicem
507 1433 708 1487 venustatem
730 1421 891 1504 Nepotis,
916 1423 1015 1506 quasi
1040 1427 1170 1494 medium

245 1543 387 1607 teneret}
410 1539 555 1622 etipse,
576 1539 665 1624 quod
684 1535 781 1606 initio
799 1539 964 1622 diximus,
988 1541 1169 1619 immunisl

249 1659 304 1724 sni
320 1657 440 1724 saeculi
458 1657 528 1724 labe
538 1703 551 1738 ,
561 1655 683 1740 integer
699 1667 873 1738 castusque
889 1657 909 1724 d
928 1658 1034 1739 prisci
1048 1663 1174 1728 sanitate

250 1772 320 1838 aeui
339 1773 501 1856 prodiisse
526 1770 698 1838 videretur.
745 1769 790 1836 Et
810 1769 1038 1838 dubitabimus
1053 1773 1177 1855 adbuc,

252 1885 504 1974 intelligentiae,
527 1885 711 1967 doctrines,
734 1883 876 1950 Critictc
890 1883 1081 1968 facultatis,
1102 1887 1177 1957 Elo-

251 2000 423 2084 quentiae,
448 2011 707 2080 caeterorumque
732 1999 861 2066 laudum
886 2000 1115 2068 aestimatione
1131 2000 1177 2068 fa·

255 2133 331 2200 cta,
354 2135 427 2184 enni
447 2117 590 2184 omnium
615 2115 770 2182 irenstis
795 2111 919 2180 Literis
938 2117 1177 2199 aetatumprin·

253 2237 358 2319 tipem
379 2233 534 2304 censere?
555 2236 612 2318 qui
630 2248 693 2300 tam
711 2234 812 2300 multa
827 2248 960 2316 tamque
976 2235 1099 2319 egregia
1113 2233 1178 2298 edi·

253 2353 336 2422 derit
361 2355 504 2440 scripta,
533 2369 671 2436 quorum
696 2351 956 2434 unumquodque
977 2371 1036 2434 per
1052 2369 1089 2419 se
1103 2353 1181 2420 saris

158 2517 162 2534 .
255 2469 408 2538 cunrad
423 2469 613 2550 scriptorem
628 2469 859 2535 immortalitati
872 2469 1177 2538 commendandum

254 2581 360 2670 quiet
378 2584 412 2653 in
437 2577 564 2650 Latinis
586 2583 708 2650 Literis
731 2583 947 2668 Latinarum,
969 2599 998 2652 et
1018 2583 1051 2650 in
1074 2583 1176 2654 Grac·

257 2706 306 2774 tis
321 2704 543 2786 Graecarum,
579 2703 781 2788 principibus
810 2723 869 2788 pur
892 2705 1066 2774 exstiterint
1092 2719 1179 2772 utre·

258 2821 383 2892 rumvis
399 2821 564 2906 principes
581 2821 629 2888 vel
647 2823 813 2886 alterarum
831 2821 1052 2907 scientia,cel
1068 2823 1184 2890 oratio-

260 2921 315 3008 nis
332 2954 363 3006 et
379 2939 459 3005 bene
475 2912 634 3003 scribendi
647 2937 760 3020 laude,
785 2940 996 3020 superaverit.

257 3076 266 3090 ·
301 3053 389 3118 Haec
408 3053 528 3136 ingenii
541 3052 769 3135 doctrinaeque
787 3052 872 3119 buna
890 3053 935 3120 ita
953 3056 993 3120 ad
1007 3057 1185 3122 institutio·

260 3195 331 3240 nem
356 3171 625 3260 disciplinamque
648 3171 810 3252 contulit,
843 3187 879 3236 ut
904 3191 965 3238 nec
992 3171 1064 3256 ipse
1086 3173 1185 3239 labori

260 3291 427 3372 parceret,
449 3305 507 3353 nec
532 3281 758 3354 isboruirucru
786 3301 915 3354 careret.
961 3287 1007 3354 Et
1035 3305 1187 3370 quacpo·

264 3405 350 3472 blica
376 3403 439 3471 fuit
461 3423 578 3490 opera,
602 3403 654 3469 vcl
674 3403 795 3470 scholis
822 3403 1000 3485 bubendls,
1027 3407 1078 3470 vel
1101 3405 1188 3470 libris

244 3519 247 3529 '
262 3509 472 3604 scribundis,
487 3523 526 3587 de
539 3523 598 3587 hac
612 3519 709 3605 supra
723 3521 802 3588 satis
815 3521 966 3589 diximus.
1000 3522 1091 3590 lllud
1105 3540 1190 3590 nunc

262 3647 403 3732 intelllgi
429 3646 606 3724 volumus,
639 3659 795 3726 quantum
822 3639 976 3706 librorum
1005 3640 1189 3724 scriptione

262 3755 378 3830 ibsens
407 3759 618 3841 absentibus,
651 3759 765 3824 multis
783 3773 814 3822 ct
831 3755 978 3840 ignotis,
1004 3773 1066 3838 per
1085 3769 1186 3824 totum

263 3869 429 3948 literatum
442 3877 573 3961 orben,
596 3873 803 3944 emolumenti
827 3873 990 3941 attulerim
1011 3869 1188 3956 inquibus

770 4058 788 4096 ι
906 4033 909 4042 .
1157 3991 1188 4048 et
