2418 4718
183 253 191 263 ¹
279 309 353 412 ps
460 301 717 384 omninno
736 321 785 383 ιι
803 266 1040 384 ermom

286 502 453 595 principes
477 515 548 570 tum
577 497 791 586 plurimorum
818 517 883 570 usu
907 499 1127 584 frequentati,
1146 499 1202 567 Hs

230 649 241 666 ⁶
286 638 418 701 merus,
443 617 638 702 Euripides,
666 617 875 703 Xenophon,
898 617 1047 687 similes:
1070 619 1199 703 perditos

284 753 464 820 eorumque
496 735 672 817 reliquus,
702 749 759 802 cut
791 735 1036 820 philosophos,
1067 739 1199 821 qmmvit

282 853 477 939 principes,
493 849 684 932 Platonem,
703 825 933 932 Aristotelem,
952 865 1120 936 ermerus,
1132 871 1201 936 quo·

284 985 356 1038 runt
375 967 548 1032 momorum
565 979 615 1032 est
634 967 675 1032 td
693 965 858 1032 Plutarchi
878 965 1126 1051 Intelligendum
1145 987 1201 1034 mo.

284 1097 451 1164 mentum,
474 1073 540 1147 iton
559 1079 677 1164 legisse
704 1079 832 1148 videtur
857 1099 1112 1166 tersurus,
1133 1101 1202 1150 certe

284 1195 406 1263 nullum
426 1213 466 1260 ex
489 1193 530 1260 iis
544 1187 720 1260 Plutarcho
741 1209 834 1277 opem
856 1195 981 1263 attulit.
1025 1197 1116 1265 Tota
1139 1201 1201 1264 haee

286 1309 617 1382 Animadversiouum
643 1329 719 1396 ptrs
742 1313 845 1378 valere
859 1325 982 1394 poterut
1002 1313 1042 1377 sd
1065 1316 1203 1380 minuen-

255 1423 260 1429 ’
285 1429 362 1496 dum
389 1425 530 1502 laborem
551 1423 666 1492 futuro
690 1425 806 1494 editori
822 1427 851 1493 ei
880 1427 939 1510 qui
966 1425 1070 1493 subito
1095 1431 1204 1496 existe·

283 1557 331 1612 ret
352 1560 388 1610 tc
407 1541 572 1628 negotium
599 1542 776 1627 imperatus
801 1543 968 1628 suscipere
981 1545 1121 1627 auderet,
1139 1559 1207 1614 non

282 1661 312 1729 ci
331 1659 387 1743 qui
413 1679 477 1726 rem
500 1673 576 1726 cum
600 1676 756 1744 apparatu
780 1679 816 1728 ac
835 1659 1001 1745 diligentis
1018 1675 1128 1744 ageret.

326 1777 433 1862 Igitur
455 1775 494 1842 sd
518 1789 649 1842 nostrae
673 1773 840 1842 Editionis
864 1793 963 1842 usum
1002 1774 1127 1860 relique
1151 1783 1207 1840 ent

283 1907 353 1964 nou
377 1892 444 1960 nisi
463 1894 560 1958 alters
586 1890 752 1973 semissis,
783 1889 817 1958 id
846 1905 918 1974 est,
948 1889 1204 1958 Emendationes.

284 2003 330 2080 Et
353 2010 463 2075 harum
485 2007 623 2092 primum
640 2005 770 2090 quidem
785 2025 898 2092 magns
917 2025 992 2092 puts
1011 2022 1063 2073 est
1082 2026 1159 2076 vem
1172 2025 1207 2076 tr

285 2141 543 2208 supervacanee,
566 2123 691 2206 quippe
715 2123 836 2206 quibus
858 2121 922 2188 ioci
946 2123 1017 2190 sani
1039 2134 1074 2189 et
1102 2120 1207 2205 integri

284 2249 470 2306 tentanturt
494 2237 608 2306 deinde
625 2255 730 2303 etrum
748 2238 824 2304 item
845 2253 926 2320 quse
945 2237 979 2304 in
1003 2239 1093 2306 iocis
1109 2223 1207 2318 curru-i

283 2353 354 2440 ptis
369 2365 559 2434 versantur,
578 2353 680 2436 major
696 2365 780 2418 uerte
798 2371 873 2444 pars
891 2351 975 2418 falsa
990 2367 1064 2420 ests
1080 2355 1115 2422 in
1130 2368 1202 2420 utto·

284 2487 348 2553 que
365 2471 622 2554 conjecturarum
640 2485 775 2552 genere,
798 2467 913 2534 errotis
934 2465 1014 2536 fons
1033 2487 1102 2536 erat
1121 2470 1200 2554 iguo·

284 2584 369 2652 tutio
385 2583 634 2650 consuetudinis
651 2597 684 2648 et
701 2583 858 2650 orationis
881 2583 1107 2654 Plutarchese.
1148 2583 1201 2650 Su·

281 2712 392 2786 petest
408 2697 625 2782 probabilium
649 2716 803 2766 numerus
820 2699 1109 2783 emendetionum,
1130 2699 1202 2782 qui,

283 2812 514 2897 utplurimum
536 2813 567 2878 ei
583 2813 745 2895 tribuum,
767 2814 807 2880 ud
835 2829 935 2880 totam
956 2815 1206 2882 Animadversiow

282 2941 362 2996 stunt
388 2947 566 3012 summam,
587 2949 622 2996 es
648 2931 772 2998 ratione
787 2931 969 2998 censendus
985 2931 1130 2998 videntur
1147 2933 1206 3014 quui

281 3057 361 3110 suot
384 3045 521 3110 sedecim
547 3045 587 3111 ad
616 3059 758 3112 centurn.
810 3043 936 3113 Herum
964 3046 1036 3114 item
1062 3044 1199 3113 semissis

279 3157 345 3244 ism
366 3178 385 3226 s
404 3155 570 3242 prioribus
589 3157 676 3226 iacta
690 3175 758 3228 erat
776 3157 1007 3244 interpretibus
1031 3179 1064 3230 et
1086 3161 1202 3230 editori·

280 3271 364 3340 bus:
384 3273 442 3340 hss
465 3291 717 3358 cursurus,
739 3293 807 3343 non
824 3275 951 3359 quidem
969 3279 1106 3363 pugio,
1126 3273 1200 3361 quod

278 3387 316 3454 in
340 3388 428 3456 hunc
453 3389 616 3456 homiuem
643 3409 711 3458 non
737 3391 889 3474 cudebat,
922 3395 979 3462 sed
1005 3395 1108 3463 modo
1136 3409 1198 3476 pru·

279 3503 379 3585 dens,
406 3507 505 3572 modo
529 3504 736 3588 imprudens,
761 3509 1059 3592 repetiit22muitss
1085 3510 1205 3578 stitus

283 3629 470 3687 xucnuu
483 3617 677 3687 rttrLstius
699 3621 848 3688 versione
868 3625 1028 3707 suscepit.
1204 3697 1205 3704 ἵ

323 3731 413 3820 Ergo
439 3735 685 3802 residusesunt
718 3735 868 3820 propriae
901 3757 1094 3808 nursnrt
1121 3750 1201 3805 otto·

276 3863 337 3926 une
364 3849 604 3921 emeudtriones
631 3849 818 3941 probabiles
843 3871 863 3924 e
885 3855 1027 3924 centoris
1055 3849 1201 3930 Mmtu-

280 3989 289 4002 ·
1140 3981 1200 4034 rer·
