2562 4708
265 305 336 396 ι’ςθ
417 287 745 380 rainiariam
767 285 895 380 titia
919 304 1044 384 anm.

267 495 432 566 inlinitum
456 495 522 577 tit;
541 477 772 580 'quippe··q'uee
794 499 890 564 omne
908 500 1077 580 accuratis
1096 477 1198 572 luteis·

268 612 458 700 pretationis
480 626 597 678 munus
620 613 795 698 attingunt.
849 615 940 702 Quas
963 619 1118 703 quoniam
1143 641 1195 692 cx·

201 759 210 776 ·
269 729 677 818 periundo'cognos'cetis,
708 719 779 797 boc'
803 731 878 799 loco
911 733 1094 818 praecipere
1118 753 1193 807 cum

269 831 540 932 'superuacaneum
558 845 624 928 sit,
647 859 715 912 tum
740 847 1120 934 ostentationts'spectem
1139 853 1194 922 ha·

269 965 480 1050 berepnsait.
527 963 573 1031 Ut
597 964 708 1046 paucis
733 967 947 1049 complectar,
972 970 1079 1036 omnis
1100 977 1195 1054 opert

265 1091 385 1151 nostra
400 1099 438 1146 eo
457 1076 641 1162 spectabit,
664 1091 699 1142 ut
719 1079 909 1146 misceamus
929 1080 1008 1147 utile
1024 1062 1133 1151 dulcit
1159 1089 1196 1150 itt

271 1193 520 1280 interpretandis
541 1190 743 1259 Auctoribus
760 1209 849 1258 uerae
868 1192 1098 1275 pulcritudinis
1117 1215 1190 1264 sen·

269 1331 315 1382 su
336 1309 538 1392 inbuamini‚
560 1323 592 1374 et
615 1308 717 1394 hujus
743 1307 884 1374 exercitii
909 1309 1065 1377 suavitate
1085 1329 1197 1394 perae·

267 1427 373 1498 niatis
388 1429 435 1493 ad
458 1423 600 1492 Graecae
626 1401 783 1491 orationis
806 1437 838 1490 et
861 1424 994 1492 udonis
1017 1425 1197 1513 intelliges·
1268 1505 1269 1512 ἵ

269 1546 375 1626 tiam,
398 1545 471 1628 cum
497 1541 533 1609 in
549 1539 688 1624 singulis
707 1541 813 1607 verbis
834 1559 871 1608 er
890 1541 1013 1627 origine
1033 1560 1066 1611 et
1085 1548 1194 1614 analo·

274 1665 330 1749 gia
358 1660 527 1746 repetitae,
552 1661 626 1724 'tum
654 1657 688 1724 in
713 1657 957 1726 constructione
989 1663 1051 1728 usu
1076 1659 1200 1740 contir-¹

268 1791 385 1848 altatae.
450 1802 453 1812 ·
506 1795 509 1810 ·
543 1771 548 1784 '

266 1920 272 1932 ⁴
318 1895 432 1965 Tettio
458 1891 533 1964 loco
564 1905 613 1964 est
639 1887 826 1979 Repetitio,
841 1941 843 1944 -
858 1893 933 1962 item
964 1892 1019 1964 illa
1046 1895 1192 1979 'duplext

274 2009 338 2077 alin
370 2009 535 2094 magistri,
577 2027 671 2093 quam
706 2007 758 2072 hic
792 2007 952 2092 explicare
984 2008 1031 2076 nil
1060 2011 1195 2081 attinett

265 2131 334 2204 ulla
350 2123 532 2216 discipuli,
555 2101 641 2198 domi
666 2123 825 2199 continuo
844 2127 1038 2215 lectitanda,
1062 2127 1197 2201 incredi-

265 2244 353 2314 bilis
371 2246 410 2312 ad
426 2245 658 2330 proficiendum
677 2245 850 2328 efficaciaea
875 2246 972 2320 modo
991 2245 1036 2312 sit
1054 2263 1130 2314 vera
1146 2261 1199 2312 re·

229 2393 242 2402 -
267 2362 412 2448 petitio,
434 2362 553 2444 idest,
576 2363 705 2444 saeptus
724 2363 854 2448 repetita
872 2375 904 2427 et
930 2359 1197 2430 iterumiterum

269 2496 340 2560 oue
367 2477 553 2544 instaurata.
604 2475 704 2562 Quod
737 2486 842 2542 autem
874 2475 974 2558 volo,
1007 2475 1199 2560 huiuamodi

269 2603 341 2658 esta
366 2607 402 2658 ut
418 2591 565 2676 quotidie
585 2594 745 2677 cujusque
765 2591 827 2658 diei
847 2607 980 2674 pensum
1006 2606 1193 2678 repetaturt

197 2699 201 2708 ’
266 2709 366 2778 finiti
400 2709 615 2789 hebdomade,
652 2715 789 2791 pensum
827 2707 932 2774 totius
965 2707 1198 2780 hebdomadist

272 2824 368 2894 finito
388 2842 518 2908 mense,
551 2841 684 2908 pensum
713 2825 815 2891 totius
841 2826 983 2902 mensis:
1013 2845 1126 2911 porro·
1143 2845 1200 2914 per

225 3027 230 3036 Ι
269 2941 386 3024 inias,
408 2956 512 3008 toturn
529 2940 593 3008 boc
617 2941 755 3023 spatium
775 2941 882 3008 denuo
901 2942 1042 3011 iteretur.
1086 2945 1199 3029 Atque

268 3060 350 3127 llaec
374 3057 486 3125 seriata
508 3056 654 3137 iteratio,
687 3071 723 3122 ut
754 3073 811 3140 per
838 3057 941 3124 otium
973 3072 1005 3125 et
1039 3059 1198 3128 minorem

269 3171 514 3240 festinationem
544 3168 651 3250 sacta,
684 3169 859 3254 plurimum
885 3171 969 3238 vaiet
990 3173 1031 3239 ad
1065 3173 1198 3244 interio-

272 3281 348 3355 rem
364 3285 626 3372 intelligentiam,
648 3283 824 3368 plurimum
844 3287 938 3356 habet
956 3303 988 3356 et
1014 3291 1196 3376 voluptatis

271 3403 429 3474 continua
454 3419 682 3488 progressuum
707 3403 1002 3497 animadversione,
1024 3420 1057 3473 et
1082 3405 1198 3475 incita·

267 3522 372 3588 menti
399 3521 447 3587 ad·
463 3520 564 3588 studii
595 3521 779 3602 laborisque
810 3522 1040 3592 constantiana
1084 3525 1196 3610 ltaque

268 3649 348 3701 aum
376 3635 487 3704 multis
509 3634 544 3702 in
564 3633 662 3702 *rebus
685 3638 851 3722 majorum·
867 3651 1056 3707 nostrorum
1073 3643 1199 3725 sapien·

270 3749 349 3817 tiam
366 3751 528 3820 admirari
561 3755 674 3835 soleo,
710 3766 778 3820 tum
815 3755 849 3822 in
880 3757 1116 3826 constituendis
1149 3759 1196 3827 fe·

270 3863 351 3936 riis:
372 3883 508 3949 quarum
531 3869 808 3956 opportunitatem
826 3889 864 3940 ac
882 3869 1098 3942 salubritatem
1124 3884 1198 3954 pet·

1153 3987 1203 4060 el·
