2470 4724
254 299 323 386 ὕοι
424 299 555 374 utun
591 301 636 371 D.
675 301 1005 380 RUHNKENH.

256 505 344 573 tem,
372 505 446 557 cum
476 487 550 555 aliis
576 487 728 556 omnibns
753 491 932 580 intenae,
963 507 1031 560 tum
1055 497 1172 568 civium

258 605 432 690 utriusque
448 623 543 672 sexus
560 608 709 672 comitate
722 622 755 671 et
769 607 969 691 urbanitate,
991 611 1050 678 vix
1063 631 1099 678 ut
1117 615 1170 681 uui

255 719 589 805 frequentissimarum
607 721 733 788 urbium
752 723 811 790 hac
828 723 920 791 laude
934 727 1073 796 cederet.

298 836 513 906 Ruhnkcnius
541 855 599 920 per
626 853 766 920 quatuor
781 857 884 909 annos
902 842 1089 912 obtinuerat
1103 863 1169 928 pro·

259 955 396 1024 vinciam
413 951 564 1020 Lectoris
583 971 695 1039 magna
713 974 786 1021 cum
806 955 982 1024 industriae
999 961 1168 1028 doctrinae·

257 1091 320 1159 que
337 1073 448 1152 laude,
466 1089 568 1153 quum
589 1071 838 1156 Oudendorpius
855 1074 1016 1142 moritur:
1033 1077 1087 1142 cui
1103 1097 1169 1146 nor

253 1184 354 1286 veluti
371 1185 410 1250 de
425 1186 496 1269 jure
514 1198 546 1250 et
563 1203 683 1268 pacto,
705 1187 877 1272 adjuvante
894 1186 928 1254 in
944 1190 1064 1271 primis
1081 1190 1169 1258 Hem·

251 1300 438 1382 sterhusio,
453 1302 596 1368 succedit
608 1302 641 1368 in
657 1301 813 1368 ordinaria
827 1301 1045 1371 Historiarum
1058 1323 1087 1371 ct
1097 1307 1170 1372 Eio-

254 1417 405 1502 quentiac
419 1417 641 1500 professiones
660 1435 792 1499 eamque
807 1437 914 1486 mertse
924 1420 1102 1504 Septembre
1111 1441 1165 1490 tn·

256 1535 291 1602 ni
314 1536 349 1602 h.
372 1554 401 1601 s.
426 1533 611 1618 sexagesimi
638 1549 670 1601 ct
688 1535 782 1617 primi
800 1537 991 1620 auspicatur
1007 1540 1160 1605 dictaora·

254 1651 344 1718 tione
367 1647 406 1714 dc
428 1647 571 1715 Decem
592 1648 784 1716 umbratico.
829 1654 869 1728 Jn
886 1649 987 1717 simili
1004 1649 1068 1718 fere
1080 1670 1159 1738 argu.

255 1779 365 1833 mento
383 1779 449 1833 erat
466 1763 632 1842 Menkcnii
658 1761 840 1850 Lipsiensis
860 1763 994 1832 libellus
1015 1767 1057 1832 dr
1075 1767 1170 1834 Char.

257 1882 427 1950 zaram
450 1881 696 1964 Eruditorum
731 1894 764 1972 et
789 1881 913 1948 Huberi
943 1883 1170 1968 Franequerani

253 1999 481 2066 Antecessoris
506 1998 545 2066 dc
564 1997 781 2067 Pedanrismo.
824 1997 957 2098 Quibus
990 2002 1169 2070 nominibus

258 2112 389 2182 minime
415 2113 543 2184 Latinis
577 2115 655 2198 quid
682 2115 908 2200 significetur,
940 2135 1008 2184 non
1035 2133 1084 2183 cst
1114 2133 1172 2182 cur

258 2207 486 2315 explicemus}
510 2229 769 2315 quandoquidem
796 2231 941 2314 quotidie
967 2249 1035 2300 non
1067 2231 1171 2298 solum

257 2348 388 2438 nomina
403 2349 575 2429 audimus,
597 2349 654 2416 sed
679 2367 729 2414 res
754 2349 839 2432 ipsas
861 2347 1022 2414 videmus.
1063 2343 1172 2416 Ruhn-

256 2455 341 2525 kenii
367 2458 453 2522 aliud
480 2473 545 2524 erat
571 2459 771 2528 institutum.
814 2459 899 2528 Nrrn
929 2475 968 2526 ut
992 2463 1169 2545 complures

254 2573 292 2639 in
318 2571 462 2640 moribus
486 2570 695 2638 Eruditorum
722 2573 791 2649 sive
817 2588 919 2655 sunt,
942 2576 1013 2639 sive
1037 2591 1108 2640 esse
1127 2573 1170 2638 di·

255 2699 397 2766 cuntur,
421 2684 576 2771 ineptiae3
593 2685 635 2752 ita
656 2686 727 2768 ipse
744 2704 853 2752 eorum
870 2686 1030 2771 probabat
1053 2707 1169 2773 genus,

254 2803 289 2870 in
314 2819 418 2885 eoque
439 2816 469 2868 et
493 2820 613 2870 nomen
633 2800 843 2886 profitebatur
868 2821 964 2870 suum
987 2817 1020 2869 et
1043 2818 1083 2872 ut
1103 2822 1170 2872 cen·

254 2931 377 2987 seretur
399 2917 570 3000 studebat,
594 2919 703 3002 quiin
724 2937 868 2988 neutram
893 2933 1016 3002 partem
1044 2919 1169 3003 conspi-

253 3049 423 3115 cerentur,
447 3034 551 3118 quiet
574 3034 608 3102 in
628 3033 747 3102 Literis
772 3052 806 3102 et
833 3033 918 3102 vitae
940 3033 1172 3102 consuetudine

255 3152 424 3218 minimum
444 3151 594 3216 haberent
606 3149 820 3234 ineptiarum,
835 3151 1008 3234 elegantiae
1021 3167 1057 3214 rc
1074 3151 1171 3214 doco-

254 3271 283 3336 ri
299 3287 357 3334 ncc
374 3267 552 3352 ignorantia
581 3283 635 3333 aut
653 3268 862 3352 negligentia,
885 3285 944 3332 nec
971 3266 1082 3349 putide
1099 3263 1172 3332 rus·

252 3387 394 3456 ctatione
417 3399 617 3458 notarentur.
660 3383 839 3452 Literarum
864 3385 1032 3452 doctorem
1049 3384 1171 3452 volebat

256 3519 354 3585 eum,
377 3502 435 3586 qui
452 3520 556 3568 earum
573 3513 606 3566 et
621 3500 839 3584 cognitionem
855 3501 980 3575 tutione
992 3515 1128 3583 renuet,
1143 3513 1171 3566 et

254 3621 503 3700 pulcritudinem
522 3635 620 3690 sensu
635 3619 829 3700 perciperet,
843 3631 1012 3699 utramque
1026 3618 1169 3684 inlunem

255 3747 435 3814 promeret,
451 3735 486 3800 in
502 3733 724 3801 venustiorum
738 3731 904 3798 hominum
922 3732 1168 3818 principumque

252 3841 396 3914 civitatis
419 3847 563 3922 vitorum
590 3847 852 3926 consuetudinem
877 3851 1101 3938 producent·
1130 3844 1166 3914 δᾶ

1101 3971 1175 4028 nro·¹
