2562 4708
273 341 339 428 aaa
449 321 703 402 marano
718 323 776 396 ‘aa
792 317 1025 398 ‘nurtroun

278 522 482 597 intentiorem
507 515 609 605 igitur
630 493 733 599 megia
758 511 903 596 affecto‚‘
922 511 1013 597 quod
1037 527 1113 580 vere
1145 496 1210 584 dici

280 627 390 728 potest
407 631 763 732 doctius‚·difficlliua‚
781 631 982 715 corruptius.
1027 629 1102 700 Hoc
1116 631 1210 700 inan

282 765 390 824 tutum
412 755 511 820 simul
530 748 730 830 catalenus,
752 763 790 814 ut
807 748 836 815 si
856 747 988 832 quando
1002 747 1043 814 ati
1064 747 1209 814 omniurn

281 871 545 940 Plutarcheorum
571 867 705 951 op'erutn
729 865 904 933 editionem
928 863 1070 931 animum
1095 863 1212 950 adjice·

279 1005 367 1068 rem,
400 983 492 1068 prius
522 998 631 1067 parata
655 993 763 1048 essent
784 999 822 1048 ac
847 981 1012 1065 prodirent
1034 977 1187 1048 Marulla
1195 1001 1211 1066 ,⁰

282 1103 404 1188 quippe
428 1115 510 1182 quae
526 1097 657 1180 triplice
677 1096 735 1165 lllt
749 1097 789 1164 de
804 1097 1042 1182 caussamulto
1059 1098 1212 1184 nt'ajorem

278 1217 579 1298 diuturnioremque
595 1226 725 1297 operam
751 1216 953 1298 postularent
969 1231 1066 1298 quarn
1088 1215 1210 1316 Wtaa2

149 1326 153 1334 ’
281 1351 364 1419 quae
387 1347 554 1418 propterea
581 1333 666 1396 recte
697 1329 731 1425 in
753 1331 886 1398 alterurn
917 1329 1010 1414 quasi
1044 1345 1155 1401 actum
1176 1348 1209 1404 et

279 1453 321 1520 ad
339 1449 478 1536 requiem
502 1447 626 1514 laboris
653 1461 893 1532 reponerentur.

322 1565 406 1632 iloc
427 1579 532 1630 rneurn
565 1561 631 1628 fuit
660 1563 703 1628 de
722 1561 899 1628 Plutarcho
925 1559 1119 1646 conslliunt,
1151 1541 1215 1632 hic

279 1697 478 1769 apparatus,
499 1663 649 1746 antehoc
665 1677 784 1764 viginti
803 1695 946 1761 quatuor
958 1698 1084 1765 annos,
1105 1697 1212 1764 quum

278 1799 478 1890 Lugdunum
501 1795 693 1862 Batavorum
717 1795 792 1862 vent
819 1795 859 1864 ad
874 1779 1063 1866 verissimos
1081 1795 1214 1868 Litera·

278 1934 349 1984 eum
376 1927 558 1982 nostrarum
587 1907 774 1996 antistites,
799 1931 818 1979 a
844 1911 966 1994 quihus
991 1907 1145 1984 interiora
1162 1936 1213 1983 sa·

279 2051 334 2098 cra
353 2030 573 2114 perciperent,
596 2043 977 2097 rancunrrartruru
1006 2043 1038 2096 ct
1065 2049 1214 2100 nuern-

277 2159 488 2218 trnurunra
515 2159 653 2226 quorum
681 2144 773 2211 illurn
801 2159 874 2210 ante
896 2117 1011 2213 norem
1030 2165 1132 2216 annos
1151 2169 1214 2218 nou

280 2261 334 2328 bis
349 2259 471 2342 eripuit
487 2259 609 2324 fatunta
633 2257 721 2324 hunc
736 2259 867 2343 vigente
883 2259 919 2326 in'
933 2273 1098 2328 senectute
1112 2263 1214 2332 nobis

260 2373 262 2380 ’
277 2376 515 2458 servaremus,
536 2388 625 2441 erut
639 2375 697 2440 diu
713 2387 838 2458 servet,
861 2359 937 2440 curn
955 2392 1015 2460 ego
1028 2361 1161 2459 pictatia
1180 2391 1214 2446 et

279 2491 400 2562 amoris
424 2505 540 2564 caussa
562 2479 701 2576 precor,
725 2505 793 2558 tunt
811 2508 1063 2560 omnesnecutn
1080 2479 1220 2564 Litora-¹

278 2633 351 2682 runt
372 2627 405 2680 et
427 2611 636 2680 humanitatis
649 2611 765 2680 caussa
782 2589 1059 2697 precentur'b'onl.
1102 2613 1215 2701 Igitur

282 2726 449 2795 antistites
466 2725 571 2794 nostri
589 2743 716 2810 operatu
737 2747 755 2793 a
774 2745 824 2794 rne
847 2709 881 2794 hl
903 2725 1077 2798 Plutarcho
1101 2745 1133 2797 et
1150 2749 1216 2818 po·¹

278 2849 373 2916 sitam
399 2829 667 2932 probabantae't'
683 2867 783 2931 porro
810 2829 991 2933 potiendatn
1011 2849 1212 2920 suadebanta

211 2978 214 2991 ¹
276 2965 336 3032 sed
367 2963 495 3031 dinnao
531 2963 668 3046 uterque
703 2965 814 3032 modo.
866 2959 1215 3036 venerearum

279 3085 448 3173 placebat,
477 3079 657 3166 singulares
675 3075 857 3149 'Plutarchi
885 3076 1011 3150 libellos
1040 3077 1218 3164 separatin't

276 3199 429 3280 deinceps
447 3182 602 3280 quosdam
622 3191 674 3264 edi
694 3197 898 3265 uberioribus
914 3199 1219 3268 Animadversioni.

274 3319 339 3383 bus
356 3317 540 3383 illustratos
555 3315 597 3381 ad
613 3317 746 3382 modum
769 3303 872 3382 libelli
890 3311 930 3382 'aa'
949 3315 1035 3381 Stra
1051 3313 1218 3387 Numinis

257 3431 456 3505 ‘Wadictar
483 3449 790 3514 nonnarum,
821 3421 1023 3533 otnnla‘nn'n
1048 3427 1212 3501 Editions

275 3551 503 3636 comprehendi
516 3549 683 3618 Plutarchi
702 3543 845 3634 scripta,
862 3539 1215 3618 Animadversionibns

273 3665 393 3736 additis
412 3667 561 3750 quamvis
578 3665 797 3735 brevioribus.
829 3665 977 3762 Hibehat
995 3685 1070 3734 sanc
1085 3668 1214 3734 utrius·

276 3799 340 3866 que
353 3783 415 3848 viri
431 3781 536 3852 oratio
553 3783 644 3865 quod
660 3801 711 3849 me
732 3797 888 3850 moveret.
933 3787 974 3852 ln
1003 3803 1056 3852 va
1068 3803 1090 3851 t.
1101 3801 1122 3850 c
1134 3804 1215 3852 rte*

275 3919 334 3970 sua
346 3917 495 3968 arana
527 3898 680 3984 frequens
695 3913 761 3968 erat
778 3891 862 3968 illud
878 3903 969 3986 γνῶθι
984 3899 1115 3974 aaran
1139 3895 1214 3968 non

1032 4081 1037 4094 .
1157 4033 1215 4088 Ν·
