2438 4718
275 283 340 381 4⁶4
401 273 575 354 mlslul'.
606 274 668 348 DE
697 274 914 350 AUCTORE
943 273 1053 353 Ltlllll

276 475 391 544 horum
409 465 591 550 smeriuti,
606 477 638 532 et
653 462 781 550 illorum
797 463 951 536 frouiuu.
977 465 1094 550 Utrique
1103 469 1143 554 igi:

275 601 332 654 tur
346 583 512 670 cogitent,
526 581 561 650 in
575 593 646 650 tots
662 579 784 649 Critict
797 581 862 651 duo
875 601 941 650 esse
957 583 1065 665 qulbus
1076 603 1142 652 rnre

275 701 433 792 judicium
449 713 598 784 regetur,
616 696 770 766 rationem
787 711 818 764 et
833 699 1047 768 auctoritatem.
1082 702 1144 768 lrcl·
1168 746 1169 754 κ

276 817 326 887 les
344 815 458 882 hortor
474 831 515 878 ne
537 801 724 878 auctoritati
742 799 879 880 nimium
904 813 1052 894 tribuant,
1070 831 1142 896 neque

277 932 331 998 vel
344 928 421 996 milri
441 925 492 996 vel
507 925 657 1012 cuiquem
677 926 732 994 uti
749 927 937 1011 simpliciter
950 927 1090 995 affirmanti
1101 947 1143 992 cro

277 1047 367 1113 drot.
410 1043 566 1110 Difficiles
582 1055 721 1125 moneo,
742 1044 772 1110 sl
787 1038 872 1111 forte
885 1043 1032 1112 rationum
1044 1053 1142 1110 morbo
1169 1064 1170 1118 l

279 1161 369 1242 vim,
390 1159 553 1244 hujusque
575 1157 675 1224 libelli
692 1159 727 1226 in
753 1157 856 1226 forma
878 1176 911 1226 et
937 1161 1087 1228 orationes
1099 1177 1144 1244 ger·
1169 1157 1170 1164 ’

278 1276 385 1344 menis
404 1274 568 1342 Plutarchi
594 1274 726 1359 scriptis
743 1275 978 1356 diversitatem,
995 1277 1079 1342 ninus
1094 1291 1146 1356 pert

275 1395 422 1480 ceperint
437 1413 474 1460 rc
491 1391 669 1476 senserint,
690 1406 726 1458 ut
742 1411 851 1460 secum
868 1407 1005 1478 reputent
1013 1391 1078 1457 bunc
1088 1409 1147 1455 sen·
1170 1382 1171 1462 l

278 1529 353 1582 sum
373 1529 439 1578 non
463 1507 528 1575 nisi
553 1508 652 1592 longo
666 1508 822 1576 Auctoris
835 1515 904 1576 ‘usu
921 1505 1081 1592 comptuli,
1096 1513 1143 1568 nec
1170 1509 1171 1562 l

279 1625 459 1692 rosionibus
482 1623 680 1708 explicandis
700 1625 733 1692 in
757 1626 894 1693 aliorum
921 1627 1033 1693 animos
1048 1621 1143 1700 illuri,
1170 1629 1171 1648 ¹

280 1741 338 1808 sed
355 1739 557 1810 auctoritatis
573 1739 676 1808 lustu
684 1739 845 1826 obtinere3
861 1743 1014 1828 igitnt,si
1028 1733 1150 1807 usonni·
1171 1702 1172 1788 i

280 1861 314 1927 lri
332 1859 535 1940 concedunt,
558 1876 689 1924 necesse
702 1877 773 1926 esse
786 1875 822 1926 ut
849 1863 944 1928 etlam
968 1876 1079 1928 sensum
1095 1853 1145 1920 nili
1171 1869 1172 1886 ¹

279 1977 477 2058 concedent,
493 1977 627 2062 ejusque
644 1979 863 2044 ructoritrtenr
882 1983 968 2064 apud
984 1999 1015 2048 se
1029 1979 1147 2056 rrlercpt·
1172 2020 1173 2070 r

280 2092 416 2158 tirntur.
439 2091 579 2174 Utrique
596 2105 633 2156 ut
650 2092 788 2160 rationes
800 2109 930 2162 nostras
940 2110 971 2162 et
979 2091 1149 2160 isclliurust·
1172 2073 1173 2138 i

283 2223 426 2296 quantor
438 2225 470 2277 et
479 2207 659 2278 accuratius
674 2207 879 2296 percipiant,
897 2224 998 2279 esrum
1012 2205 1150 2295 explicuit·

279 2341 350 2395 nem
376 2325 416 2391 ab
442 2323 591 2394 universa
614 2327 741 2412 generis
755 2327 984 2397 distributione
1000 2341 1146 2412 repetemus.

323 2440 430 2524 igitur
451 2453 546 2508 notre
564 2441 685 2524 quibus
705 2444 841 2526 spurius
861 2463 1005 2514 censetur
1020 2441 1113 2524 uliquis
1129 2437 1153 2502 lie
1173 2475 1174 2478 =

281 2555 358 2638 ber,
373 2568 452 2623 sunt
464 2549 515 2622 vel
531 2557 671 2624 interme
688 2557 739 2624 vel
753 2569 918 2628 externae.
958 2550 1111 2640 Utriusque
1120 2568 1155 2634 ge·

282 2667 724 2740 nerisformsesuntmultre.
747 2655 1155 2756 Ειιετιιειε,ρτεεείριιιειμῐὶὁ

283 2791 369 2872 dem,
385 2787 571 2874 hujusmodi
586 2802 682 2874 sunts
696 2785 724 2852 si
735 2788 813 2855 liber
824 2789 889 2876 jatn
906 2791 945 2857 rb
960 2788 1089 2872 Antiqult
1099 2786 1158 2863 spu·¹

285 2905 355 2970 rius
369 2901 578 2970 babitusestr
601 2899 631 2968 si
647 2901 687 2966 ab
704 2901 812 2970 iisdem
832 2911 961 2988 prolata
976 2906 1033 2974 sint
1047 2899 1157 2986 quttdtu

287 3039 326 3090 ex
341 3021 441 3109 hujus
466 3023 608 3092 nominis
626 3039 657 3094 et
675 3009 829 3097 Auctoris
846 3013 933 3100 libro
951 3045 1022 3116 quse
1040 3007 1157 3096 hodierni

289 3139 324 3207 in
340 3159 379 3207 eo
395 3153 462 3208 nou
477 3153 601 3210 exstent
620 3161 677 3209 nec
695 3146 801 3212 locum
821 3145 1002 3215 inveniant:
1022 3143 1045 3208 sl
1059 3120 1157 3210 llntilll

263 3301 266 3308 -
289 3253 377 3322 deco
393 3269 516 3324 taceant
532 3255 588 3323 ubi
605 3251 797 3326 mentionem
817 3253 923 3328 fecere
939 3259 1115 3331 debuissent,
1126 3245 1159 3309 lli

287 3382 464 3441 memorent
481 3374 543 3440 sub
561 3375 692 3442 ulterius
708 3375 838 3444 nomine
863 3371 1022 3444 auctorite
1043 3371 1067 3438 si
1083 3383 1120 3432 res
1132 3355 1159 3422 ft·

288 3501 405 3571 ctaque
421 3487 457 3557 in
473 3509 513 3556 eo
529 3493 708 3576 prodantur
726 3491 924 3561 incredibilia
940 3511 970 3561 et
983 3479 1160 3559 corumuuitl

287 3601 450 3683 thultrtis
477 3608 555 3674 usui·
581 3624 617 3674 rc
644 3607 830 3677 testimonio
858 3607 1075 3697 repugnatum
1094 3599 1159 3666 situ

290 3729 454 3800 vocesque
476 3735 669 3808 occurrant,
691 3740 791 3792 aetate
806 3721 973 3810 auctoris,
994 3727 1077 3809 cujus
1091 3705 1160 3782 noni·

259 3901 261 3906 .
289 3845 331 3900 rte
346 3830 429 3901 llber
442 3835 567 3926 fertur,
580 3839 836 3912 nondumfnctte
852 3861 956 3932 neque
969 3821 1162 3928 cognitaeetel‘

1134 3947 1156 4002 ut
