2506 4712
8 392 16 400 .
281 339 352 428 ῃ,
449 312 590 396 utar
622 317 669 394 o.
702 301 1034 394 rouurrutr

279 519 371 608 prro
392 511 514 598 (83),
542 507 680 592 aliisque
701 505 823 592 passim
846 503 1061 586 auctoribus,
1082 519 1113 572 et
1138 515 1207 580 tros

280 631 430 702 omnium
449 623 664 695 difficillimum
691 633 839 690 caussam
857 623 1027 706 complexu
1044 622 1084 687 dc
1101 617 1209 692 iestis

285 745 520 830 Dionysiorum
537 741 623 824 apud
638 737 790 806 Atticos:
814 737 952 818 denique
976 753 1095 803 omnes
1111 737 1211 804 omui-

287 883 335 934 oo
352 857 591 936 Praefrroaer,
611 851 783 935 prudentis
804 849 960 932 omnique
987 847 1213 934 intelligentiae

280 979 398 1056 laude,
420 973 507 1038 haud
522 971 630 1036 miuus
648 979 744 1049 atque
759 962 971 1045 Ernestinac3
995 961 1032 1030 in
1061 963 1212 1048 principi·

289 1095 353 1162 bua
370 1091 567 1158 laudatarum
581 1080 818 1150 praefationum
836 1079 1028 1144 eenseudcea

332 1207 394 1273 Sed
417 1201 567 1288 iugenio,
590 1197 734 1279 ratione,
764 1193 960 1274 caeterisque
983 1189 1214 1276 intelligentiae

291 1318 533 1398 facultatibus,
563 1311 712 1396 quamuis
736 1310 891 1394 magnis,
920 1325 1017 1374 nemo
1049 1308 1215 1391 quisquam

293 1455 429 1526 magnus
441 1435 496 1504 vir.
506 1434 663 1512 exsistat,
684 1429 750 1496 uisi
772 1427 924 1494 doctrina
945 1427 1136 1494 secesserit:¹
1159 1447 1216 1492 nee

294 1557 440 1627 doctrina
467 1551 611 1630 accedit,
642 1547 706 1616 uisi
738 1545 812 1628 quis
835 1545 935 1608 multa
957 1545 1096 1628 legerit,
1121 1545 1218 1626 itique
1246 1591 1247 1676 1

297 1679 409 1746 ordine
425 1673 615 1752 erratione,
637 1671 718 1736 lecta
738 1683 971 1734 commentetur
994 1683 1027 1732 et
1047 1669 1156 1735 auimo
1177 1687 1221 1734 rc·

206 1857 211 1874 ,
295 1797 431 1874 voluat,
453 1789 622 1857 memoriae
641 1787 785 1868 mandet,
811 1784 934 1866 scripto
959 1800 1068 1851 notet,
1113 1784 1222 1850 llolrm
1248 1835 1249 1906 1

297 1909 432 1996 lentus,
455 1925 497 1978 ut·
522 1925 620 1992 supro
651 1907 791 1974 diximus
815 1903 961 1991 (83⁴¹),
986 1903 1222 1971 Hemsterlrusii
1249 1958 1250 2012 ,

299 2031 513 2114 exemplam
529 2027 583 2092 lllr
599 2021 723 2091 infinita
740 2022 890 2090 scientiae
905 2024 1035 2088 materis
1052 2025 1116 2089 sibi
1127 2035 1223 2090 unam
1250 2080 1251 2148 1

298 2147 455 2230 elegerat,
487 2143 521 2210 in
548 2159 612 2224 qua
632 2140 831 2220 elaboraret,
858 2151 1006 2224 portem,
1027 2137 1225 2208 Graecarum

301 2263 559 2343 Lrtioarumqur
578 2255 776 2339 Lirerarum,
800 2259 874 2324 item
897 2257 1061 2325 Historiae
1077 2271 1108 2326 ct
1132 2261 1227 2326 Anti

297 2377 432 2460 quitatis
448 2365 656 2457 interiorem,
681 2373 779 2440 idest
803 2371 949 2441 criticam
974 2377 1227 2456 grammaticam-¹

299 2507 386 2575 que,
405 2485 638 2572 cognitionem,
674 2487 783 2568 Nam,
807 2503 890 2569 quse
907 2488 965 2554 alia
979 2506 1057 2570 puer
1074 2505 1133 2552 aur
1147 2491 1227 2555 ado-

298 2603 424 2676 lesceos
448 2601 600 2692 didicerat
620 2601 673 2668 uel
701 2615 911 2688 gustaverat,
944 2603 974 2671 io
1002 2603 1230 2672 Orientalibus

301 2715 448 2798 Literis,
470 2713 700 2800 Philosophia,
721 2713 983 2799 Mathematicls,
998 2717 1229 2804 Jurispruden·

303 2837 371 2917 tia,
393 2834 448 2900 his
474 2833 572 2898 semel
596 2832 757 2916 perceptis
783 2832 831 2898 nil
856 2850 956 2917 porro
981 2833 1083 2900 studii
1109 2833 1232 2899 robur·

306 2953 386 3044 herr
408 2965 440 3019 et
464 2951 494 3018 si
520 2951 600 3034 quid
623 2967 731 3018 eorum
757 2971 867 3036 perse
892 2953 999 3037 ipsum
1025 2955 1061 3021 lu
1082 2956 1231 3021 memoris

310 3079 525 3149 remanserat,
548 3067 611 3136 hoc
626 3085 667 3134 ne
685 3068 755 3152 ipse
769 3069 895 3152 quidem
919 3069 1003 3136 scire
1026 3071 1126 3138 uideri
1142 3071 1232 3136 uole-

221 3177 229 3186 ’
304 3179 383 3254 but:
410 3185 489 3253 adeo
510 3198 576 3252 erat
597 3185 720 3252 rlieous
750 3183 789 3252 rb
817 3185 907 3252 omni
932 3187 1107 3269 scientiae,
1138 3201 1231 3268 quam

305 3315 377 3371 non
397 3299 540 3385 perieete
561 3313 700 3383 tenerer,
722 3301 940 3386 professione.
993 3303 1102 3372 Hrbct
1127 3313 1231 3370 eutem

306 3415 487 3492 literarum
514 3421 682 3505 studium,
713 3422 743 3489 si
769 3438 917 3492 accurate
937 3437 1118 3508 tractetur,
1150 3425 1231 3490 mul·

314 3547 384 3604 turo
408 3537 527 3606 laboris
553 3553 585 3603 et
612 3557 797 3622 aerumnae,
820 3529 971 3626 aloe'qor
988 3559 1098 3610 certus
1113 3539 1233 3608 doctri·

312 3667 373 3722 nuc
395 3675 432 3724 uc
450 3655 618 3722 suauitatis
626 3653 754 3722 fructus
764 3657 888 3742 percipi
897 3661 1039 3744 nequit,¹
1046 3671 1231 3744 propterea,

1147 3769 1231 3858 quod

347 3846 441 3932 (⁸³)
459 3859 591 3934 Eptstolt
608 3861 682 3920 Crit.
699 3857 741 3920 11.
758 3877 790 3935 p.
802 3863 870 3922 aul.

347 3949 455 4038 (lu)
477 3959 567 4038 [vu.
585 3979 689 4040 rupa,
706 3983 737 4046 u·
753 3979 827 4042 sat,
844 3961 936 4048 suo]
