2572 4710
243 353 411 434 tilmon.
433 341 539 432 CUM
561 336 789 432 minutus.
912 356 987 447 'aab

76 551 184 621 timum
204 567 326 617 morum
346 548 492 633 probitas
507 561 603 632 atque
628 545 794 635 nutritam
816 549 915 630 haec,
941 558 981 616 ut

75 667 183 746 reliqna
199 665 325 744 omnia,
350 663 383 730 in
401 657 451 727 Tc
466 661 615 746 profecto
631 678 719 728 tanta
734 678 834 745 sunt,
852 678 888 732 ut
903 663 984 731 mibi

77 779 215 846 inlatam
241 778 424 844 societatem
447 793 515 842 non
533 793 610 842 casu
633 775 783 843 fortunae
808 776 984 859 incidisse',

77 912 121 962 aut
140 911 209 960 meo
230 893 370 962 conailio
393 877 600 974 perv'rmsar,
631 893 688 960 aed
710 891 749 956 ab
774 891 843 976 ipsa
867 893 982 960 Proui*

77 1013 167 1078 ituria
189 1009 348 1077 adductus
377 1027 447 1075 ease
480 1008 600 1076 videnti
656 1007 771 1092 Itaque
808 1008 871 1076 hoc
902 1007 982 1074 'ribi

77 1126 204 1210 spondeo
217 1140 315 1206 atque
330 1114 509 1207 polliceor,
533 1137 583 1188 me
600 1123 690 1190 omni
704 1123 766 1190 llic
781 1142 811 1191 et
825 1139 982 1193 constan·

41 1275 42 1324 t
77 1243 110 1308 tit
124 1259 231 1309 omnta
249 1257 336 1308 meaa
353 1257 449 1306 curas
468 1255 502 1306 et
527 1240 741 1324 cogitationes
766 1239 802 1307 ln
824 1243 888 1309 boc
910 1244 982 1309 cols

76 1361 259 1442 locaturum,
293 1359 455 1443 primunt,
484 1372 559 1424 cunt
583 1358 707 1443 collega
733 1355 812 1425 Tibi
836 1360 979 1444 comple·

75 1477 190 1544 ctmdua
212 1476 258 1541 ait
289 1473 529 1559 qualiscunque
552 1489 659 1554 caset,
682 1489 720 1540 ιιι
747 1492 797 1541 me
813 1473 908 1542 talem
928 1477 984 1542 ha·¹

73 1595 133 1662 bur
158 1611 250 1678 quem
278 1592 412 1658 libenter
442 1590 537 1656 ctiam
567 1589 815 1673 complectaris:
844 1589 982 1674 deinde,

73 1728 134 1776 cum
168 1729 227 1778 una
274 1709 417 1775 omnium
451 1689 866 1792 maximngtaviasimaque
905 1727 981 1790 tea,

73 1827 191 1894 scholae
217 1827 321 1911 hujus
348 1827 498 1908 utilitas,
531 1819 643 1892 nostra
678 1827 786 1894 studit
817 1827 985 1898 continete

73 1925 182 2026 benur,
203 1957 239 2009 ut
264 1955 420 2024 quantum
437 1943 542 2008 eadem
566 1939 705 2024 decore,
729 1961 760 2008 ca
782 1939 873 2010 felici
896 1943 988 2029 inge*

59 2057 180 2166 inimum
201 2066 374 2144 proventu·
391 2071 538 2138 crescat,
561 2035 686 2164 tamtum
713 2075 840 2144 aemper
863 2061 902 2126 ad
922 2077 985 2129 nor

73 2185 150 2238 attam
166 2171 474 2242 amicitiant'novac
506 2171 645 2256 gratiae,
679 2173 851 2241 auavltatls
884 2195 986 2260 atqua

73 2288 211 2358 firmitatis
243 2291 397 2357 accedat:
431 2291 592 2372 denique,
623 2290 657 2356 ln
686 2292 745 2358 ltac
778 2305 894 2374 opera,
929 2299 987 2362 nta'

73 2405 146 2474 Tuae
172 2403 366 2475 auctoritati
398 2407 531 2472 ‘tantum'
561 2404 789 2490 tributurum,
823 2423 982 2490 quantum

73 2519 127 2602 ipse
142 2536 208 2590 tttm
225 2539 297 2590 tatu
314 2536 410 2606 atque
427 2520 616 2606 experientia
634 2525 745 2603 vales,
765 2537 834 2591 tum
851 2523 986 2609 ingenio·

72 2651 150 2720 atquc
163 2619 314 2706 doctrina
335 2651 488 2721 praestas.
508 2651 513 2660 ·
752 2725 757 2736 .

103 2751 299 2820 Tandem'a'd
312 2749 383 2818 Vos
401 2769 451 2817 nte
464 2765 640 2833 converto,
663 2747 889 2822 humanissimi
908 2775 982 2824 sua·

73 2868 249 2954 tissimique
264 2845 551 2952 'cummilitonem
572 2887 650 2954 apea
674 2869 798 2938 Patriae
820 2891 856 2938 ac
881 2873 985 2942 Rave-

73 2997 170 3061 rcndae
191 2991 382 3062 societatis.
434 2985 506 3063 Vos
532 2991 782 3059 honestissimus
807 2989 911 3061 laudis
928 3009 987 3061 at·

74 3121 126 3190 qne
152 3108 317 3178 doctrinae
339 3101 429 3174 tutor
451 3109 484 3174 in
508 3127 575 3175 eam
605 3101 722 3176 accivit
747 3103 920 3192 Scholam,
951 3111 986 3178 itt

74 3249 129 3310 qua
150 3249 180 3299 et
201 3249 265 3318 ego·
282 3219 375 3298 vnunc
398 3229 523 3297 Doctot
544 3219 746 3327 contuitutna
762 3243 857 3312 anm,
888 3243 919 3294 ct
941 3229 981 3295 ad

72 3349 243 3416 rosontio
260 3365 371 3416 nostra
389 3329 523 3416 maxime
549 3333 705 3433 Ιερειίιιιῑὲ
725 3343 911 3413 excitandos
936 3359 985 3413 at·
1060 3333 1063 3340 ’

76 3481 136 3548 qne
154 3468 420 3549 commovendos,
455 3481 491 3532 nt
513 3467 641 3534 exculta
666 3466 769 3548 probe
793 3479 824 3530 ct
851 3467 985 3534 subacta

74 3571 313 3656 elegantioribus
339 3567 454 3650 lltt'eris
473 3579 598 3667 lngenla
615 3581 655 3648 ad
671 3563 901 3666 Pltllotophlae
916 3593 998 3652 sm?

73 3685 159 3753 diunt
186 3693 340 3766 animatis.
385 3693 447 3764 Sed
472 3677 719 3781 praetereatur
747 3699 860 3768 bottor
880 3715 912 3767 et
929 3697 989 3767 ob·

75 3815 194 3889 tamor,-
215 3827 251 3876 ut
273 3815 364 3881 omni
389 3829 466 3882 cttra
482 3795 645 3897 canentia,
665 3827 707 3880 tte
722 3813 741 3882 a
757 3831 846 3905 tecto
864 3801 995 3884 tramitc'

78 3923 153 3990 urla
175 3929 312 3998 consilia
335 3945 366 3997 et
392 3931 541 4022 exempla·
560 3925 632 4037 V⁰⁹.
659 3941 813 3998 avertant.
862 3925 1005 4012 numm

429 4067 436 4084 ι
501 4049 580 4119 ·1·
632 4058 650 4072 “
889 4047 994 4124 omni·
