2572 4710
199 403 210 418 ,
315 337 377 407 ,ιιι
453 312 708 387 turrano
729 307 890 382 natans
911 311 1084 384 naman

309 506 391 576 viris
415 501 572 592 egregiis,
594 499 653 587 qul
679 518 746 569 eant
773 499 920 568 factitent
937 515 970 568 et
996 501 1229 585 profiteantura'

309 623 368 692 sed
386 623 459 707 ipsa
475 635 608 704 quoque
627 635 686 684 ars·
694 617 796 686 veluti
815 617 848 708 lii
873 618 983 686 lucent
995 619 1125 706 prodire
1139 620 1229 690 debet

309 755 341 806 et
359 760 471 808 vocent
489 739 598 808 efferre
611 755 724 818 suant,
748 754 832 820 qua,
853 751 885 800 et
901 731 1061 800 artificum
1080 751 1175 818 opera
1188 735 1228 801 ad

306 857 473 944 publicam
502 855 650 925 notitiam
681 853 903 932 celebrentur,
925 863 957 916 et
975 849 1111 918 aliorum
1137 866 1228 918 aurea

304 989 506 1062 personent,
530 955 718 1060 ingeniaque
735 973 774 1039 ad
796 971 934 1057 ejusdem
960 970 1067 1038 laudis
1084 969 1226 1038 studium

306 1089 498 1159 excitentur.
542 1087 697 1156 Videmus
722 1086 869 1172 quotidie
885 1086 1028 1182 literulas
1047 1085 1138 1169 illas,
1155 1085 1225 1169 qul·

305 1203 373 1274 bus
396 1205 499 1296 inanis
526 1222 562 1271 ac
588 1204 696 1284 brevis
720 1204 871 1286 voluptas
896 1201 1064 1288 proposita
1085 1217 1156 1287 est,
1182 1202 1228 1270 ita

303 1321 392 1391 sein
416 1321 539 1404 vulgus
553 1319 693 1405 jactare,
717 1331 753 1382 ut
778 1331 885 1383 earum
909 1313 1154 1399 scriptiunculis
1178 1328 1230 1382 at·

305 1451 371 1520 que
391 1430 500 1502 diariis
517 1431 649 1498 aliarum
668 1428 885 1498 doctrinarum
912 1428 1018 1494 studia
1033 1429 1227 1497 absorbean-

300 1547 378 1616 tur!
412 1543 514 1640 ,Quin
538 1545 639 1634 igitur
662 1547 733 1614 illae
751 1546 896 1627 litterae,
916 1563 998 1630 quae
1012 1547 1134 1618 certuln
1151 1565 1226 1631 per·

299 1683 554 1750 mansurumque
570 1665 690 1754 ingenii
715 1663 859 1732 fructum
885 1662 1015 1750 ferum,
1034 1665 1163 1733 tandem
1184 1683 1226 1733 ex

300 1780 417 1851 umbra
449 1795 643 1866 erumpant,
671 1799 730 1847 sua
763 1781 847 1848 bona
869 1779 904 1848 in
929 1781 1003 1848 luce
1026 1793 1150 1866 ponant
1177 1791 1229 1846 at·

298 1915 365 1980 que
389 1897 573 1979 explicent,
594 1897 808 1976 hominesque
830 1911 849 1965 ι
875 1896 1097 1980 cognoscendi
1112 1897 1228 1964 levita·

298 2024 332 2078 te
352 2012 392 2077 ad
416 2023 580 2076 accuratae
607 2007 771 2074 doctrinae
789 2007 931 2074 studium
957 2009 1138 2078 revocent?
1158 2011 1228 2078 At-

298 2145 365 2214 que
381 2126 419 2194 ad
437 2125 526 2192 istud
547 2142 632 2208 opus
648 2141 711 2192 noa
730 2122 846 2192 litteris
865 2122 918 2190 his
935 2143 1061 2192 otnnetn
1078 2141 1227 2195 nostram

298 2256 442 2325 curan,
472 2237 690 2324 diligentiam,-
717 2229 931 2321 industiiant,
961 2237 1066 2306 dicate
1089 2253 1122 2308 et
1145 2255 1232 2308 con·

295 2369 419 2424 accron
448 2354 645 2440 profitemur.
696 2353 773 2443 Qua
806 2353 935 2437 quidem
964 2353 999 2420 in
1025 2371 1059 2420 re
1084 2353 1224 2439 gratiam

295 2479 360 2540 nos
377 2469 517 2538 inituros
536 2485 723 2554 speramus,
744 2484 811 2535 non
828 2469 937 2536 solunt
950 2468 1039 2552 apu'd
1048 2467 1223 2538 studiosos

152 2665 158 2676 ,
295 2587 408 2654 itanum
432 2587 629 2668 litterarum,
660 2587 718 2652 sed
738 2585 826 2668 apud
850 2586 1032 2653 universam
1054 2581 1147 2650 uiam
1173 2585 1226 2650 ci·

294 2703 426 2770 citatem
454 2704 631 2782 cruditam,
653 2695 749 2787 cujus
772 2701 903 2768 sanitati
919 2701 1144 2782 consuimus,
1165 2717 1225 2768 ca·

292 2818 426 2898 vendo,
458 2813 612 2899 quantuni
642 2817 675 2886 in
708 2818 805 2885 nobis
837 2834 909 2901 est,
945 2835 988 2886 ne
1016 2823 1087 2903 ejus
1122 2817 1225 2899 quast

291 2927 539 3015 iioa,'anthua
565 2948 742 3016 venustas,
771 2934 902 3020 penitus
935 2933 1109 3002 attacti.
1150 2931 1227 3000 lta·-

291 3048 340 3120 tio
366 3045 474 3130 operis
499 3049 577 3113 haec
599 3063 673 3130 ost,
694 3063 754 3130 ut,
782 3051 821 3114 ad
848 3049 1028 3131 exemplum
1054 3045 1152 3129 hujus
1179 3047 1226 3113 li-

289 3159 397 3244 belli',
426 3162 479 3228 alii
508 3163 648 3229 subinde
669 3163 831 3245 edantur,
853 3164 888 3230 in
916 3162 1043 3244 quibus
1062 3159 1226 3230 ulerunt

288 3279 330 3345 dc
354 3275 450 3345 no'vis
474 3277 566 3345 libris
594 3297 633 3346 ex
654 3279 770 3347 litteris
794 3278 972 3359 Romanis,
996 3275 1153 3360 Graecis,
1184 3294 1224 3346 ct

289 3395 529 3478 otienttlibus,
558 3413 596 3465 ut
629 3413 811 3482 vocentur,
840 3414 871 3466 et
899 3401 933 3466 ln
960 3395 1070 3466 'eodem
1101 3417 1223 3484 genere

286 3511 424 3582 ineditae
443 3511 678 3596 disputationes
702 3515 830 3598 saepius
860 3513 1060 3599 adjiciantur.
1103 3517 1224 3596 Atque

286 3625 374 3692 itanc
406 3646 468 3694 nos
501 3625 697 3709 provinciam
733 3646 771 3695 ex
807 3627 980 3695 hominum
1012 3627 1221 3698 eruditorum

288 3741 445 3811 amentia
478 3729 767 3813 administratutos‘
788 3743 977 3844 esse,1hac
1008 3743 1143 3812 maxime
1171 3746 1222 3810 de

722 3875 726 3886 ’
1111 3877 1216 3930 catta-
