2572 4710
265 295 332 374 am
392 257 649 365 emollio
670 279 834 366 ottus
854 267 1071 386 Quiritum

267 483 458 565 nuberetur,
493 473 542 546 illi
561 475 724 566 jucundos
749 479 784 548 io
804 481 919 566 primia
947 498 980 552 et
1004 469 1104 556 otiiea
1130 485 1202 562 hoo

264 603 358 674 locos
372 597 567 687 judicarent.
611 593 788 666 Enimvero
812 593 966 668 affirmare
984 617 1192 688 possumus,

265 716 351 786 hanc
363 711 466 798 ipsam
480 723 600 796 partem
618 695 714 794 longe
729 711 871 796 plurimo
885 711 984 780 nobie
1006 699 1203 787 contutieee

264 829 388 904 labore.
431 826 570 896 Nomio
598 827 768 894 cerbomm
796 829 1017 898 emendatione
1041 843 1075 898 et
1098 831 1199 902 iuter·

207 1005 212 1010 .
263 943 448 1040 pretatione
459 942 636 1028 plurimum
653 941 738 1009 valet
751 943 880 1028 linguae
894 935 1076 1014 acieatiut'
1093 965 1196 1032 osus,

265 1083 305 1136 ae
326 1057 463 1129 felicitas
480 1057 634 1144 quaedam
662 1058 712 1124 vel
734 1058 854 1144 ingenii
869 1060 921 1126 vel
945 1061 1111 1146 temporie.
1153 1060 1196 1131 In

265 1179 344 1252 libri
364 1189 553 1270 argumento
576 1171 787 1243 describendo
811 1187 843 1242 et
869 1177 1027 1244 Auctoris
1050 1175 1197 1248 coneilio

267 1285 484 1382 explicando,
504 1290 651 1377 longiore
667 1307 753 1376 opos
777 1303 828 1360 eut
847 1303 1013 1378 tempore,
1034 1292 1193 1378 diligente

265 1409 497 1492 meditatione,
519 1421 551 1475 et
570 1407 816 1490 comparatione
841 1422 945 1476 rerum
965 1399 1198 1494 in'',uttamquc

264 1538 414 1614 partem,
435 1539 473 1589 ae
489 1521 665 1590 tententiae
681 1521 821 1590 sollicita
833 1533 994 1608 tamquam
1014 1545 1071 1610 per
1093 1525 1197 1596 veeti-

262 1635 550 1736 ¹giaiociagttioue.
585 1635 676 1724 Quid
693 1636 793 1724 igitur
803 1635 967 1708 fecimus?
1004 1629 1193 1726 Nimirum,

264 1753 401 1824 mediam
418 1753 581 1820 tenuimus
598 1751 696 1824 viam.
739 1751 820 1821 Nom
837 1757 967 1838 quidem
983 1773 1048 1824 moa
1061 1773 1101 1840 eo
1113 1775 1195 1828 coo,

236 1871 374 1954 tilio,
387 1881 427 1936 ot
455 1854 657 1936 studeremus
680 1869 850 1952 atriaque,
880 1885 913 1936 et
939 1873 1197 1956 apud‘neutroa

265 1985 380 2054 malm
399 1981 530 2070 gratiam
550 1981 723 2051 iniremosr
745 1981 844 2069 longe
869 1984 954 2052 enim
978 1986 1019 2063 ab
1044 1987 1108 2056 iota
1129 1989 1196 2060 cal·

265 2101 390 2174 lidirate
415 2099 597 2167 absumuue
625 2101 703 2183 sed,
732 2099 824 2183 quod
842 2099 915 2184 ipsa
943 2117 995 2170 reo
1017 2115 1050 2170 et
1074 2101 1198 2172 vertrae

265 2219 315 2294 lta
333 2220 525 2305 postularet.
568 2215 674 2300 Nam,
699 2235 773 2284 com
796 2217 937 2288 critices
962 2237 999 2288 ca
1016 2221 1062 2288 ait
1084 2221 1196 2314 ratio,

264 2345 337 2401 uta
354 2321 524 2399 verborum
541 2329 751 2414 intelligentia
766 2331 806 2398 od
822 2349 927 2400 rerum
943 2332 1107 2402 scientiam
1122 2353 1196 2418 per.

265 2454 346 2538 got,
368 2448 425 2531 qui
439 2448 527 2516 uolat
544 2465 595 2516 res
613 2461 867 2531 consecrantur,
889 2443 991 2516 ueluti
1009 2445 1193 2518 aedilicium

263 2551 339 2638 ol'ne
359 2565 576 2634 fondamentis
600 2577 780 2648 quaerunt:
813 2563 872 2648 qui
897 2561 991 2631 unice
1018 2562 1054 2631 io
1084 2564 1199 2635 verbio

264 2685 419 2768 haerent,
440 2683 475 2750 hi
496 2697 574 2749 vero
595 2679 642 2748 itt
661 2679 866 2749 iirodamenta
888 2691 1027 2762 curant,
1049 2693 1088 2746 ot
1108 2678 1199 2748 aedi·

263 2799 378 2874 lictum
410 2798 452 2866 iis
482 2797 610 2867 mullum
649 2807 886 2880 superstruatur.
938 2793 1047 2882 Quare
1081 2796 1197 2882 viam,

266 2933 365 3000 quam
389 2913 476 2980 haud
500 2927 617 2981 temere
639 2911 780 2996 mgreaet
798 2929 933 2996 sumus,
957 2913 1087 2994 eaodem
1107 2913 1198 2982 haurd

262 3047 383 3106 temere
402 3047 653 3118 pertequumorr

410 3206 519 3292 Αὐτὰρ
540 3205 622 3289 laur
642 3205 805 3290 βασεῦμιι
826 3206 905 3292 ἐμὶν
926 3205 1009 3278 iliu·

262 3364 440 3476 Sequitur,
460 3398 499 3454 ut
516 3382 774 3466 coaptaremus,
796 3383 825 3451 ei
841 3383 899 3468 qui
913 3381 999 3452 forte
1016 3397 1136 3470 potent
1154 3408 1194 3461 se

262 3500 413 3590 iniquior
433 3521 452 3570 a
469 3499 567 3570 nobia
588 3499 718 3568 habitor
743 3517 826 3568 esse.
870 3497 967 3588 Quos
993 3491 1053 3569 nee
1079 3505 1189 3572 nomi.

263 3639 365 3705 mare,
384 3637 443 3689 mec
466 3615 667 3702 peculiariter
683 3631 849 3699 quemque
873 3617 1087 3702 compellare,
1105 3619 1187 3688 atti-

188 3715 201 3732 ’
259 3749 334 3816 ιιι.
376 3733 535 3808 Uniueroe
554 3728 676 3798 dlxiaee
699 3729 778 3800 satia
794 3724 857 3798 eal.
899 3726 998 3818 Not,
1021 3751 1119 3817 quum
1135 3728 1190 3802 'ad

252 3857 256 3866 ’
654 3873 684 3892 ·-
796 3871 803 3882 ·
1101 3841 1189 3912 hane
