2470 4724
279 339 347 417 sor
445 323 579 417 vrtn
616 343 661 415 n.
700 336 1040 424 nuuunulrrl.

275 533 320 602 tis
343 531 383 600 ad
405 531 635 617 praejudicatas
657 532 748 616 vulgi
775 533 945 616 opiniones
961 537 1096 622 abjectae
1111 557 1176 609 nee.

276 629 373 717 tium
393 647 433 716 ab
459 665 563 714 earum
593 647 745 714 sordibus
776 665 927 733 purgatae
952 671 1009 734 per
1034 653 1173 722 liberalem

278 763 515 833 iustitutionem
552 775 583 826 et
614 760 756 826 studium
786 765 983 844 sapientiae:
1007 764 1180 849 ignorabant

279 897 423 950 naturam
440 875 579 944 eruditae
596 875 757 957 civitatis,
771 879 866 962 cujus
884 877 948 960 ipsi
966 895 1003 944 se
1019 879 1105 947 cives
1121 899 1180 964 pro·

279 999 475 1066 icebantur:
501 993 711 1076 ignorabant,
733 991 766 1058 in
789 993 910 1058 erudita
932 993 1066 1062 civitate
1088 999 1177 1063 nullu

279 1128 350 1176 esse
368 1107 528 1188 Batavos,
546 1107 657 1173 nullos
676 1107 878 1190 Germanos,
900 1109 1012 1175 nullos
1032 1111 1124 1177 unlus
1137 1111 1181 1176 ali.

281 1227 378 1312 cujus
398 1224 513 1308 populi
528 1224 640 1307 cives,
664 1241 775 1292 omnes
803 1243 874 1291 esse
889 1227 1082 1295 mundanos.
1121 1227 1182 1313 Quo

281 1344 416 1413 nomine
438 1341 600 1426 Diogenes
632 1343 728 1426 (32)
759 1355 926 1424 stuporem
950 1343 1111 1428 cujusdam
1135 1343 1185 1407 ho·

285 1461 433 1530 munculi
457 1457 663 1538 confutavit,
693 1457 721 1522 ei
750 1457 936 1544 objicientis
954 1471 1024 1523 eum
1047 1477 1105 1524 non
1121 1476 1187 1524 esst

284 1576 533 1654 Atheniensem,
563 1573 690 1661 Atqui,
714 1571 845 1656 inquit,
871 1575 974 1648 multo,
991 1577 1189 1664 prestantis
1230 1615 1231 1680 ἐ

288 1719 358 1766 rem
376 1699 527 1786 patriam
551 1694 669 1777 habeo,
699 1691 875 1760 manwen:
903 1696 1081 1763 marndams
1105 1715 1187 1777 sun,
1230 1683 1231 1704 ¹

283 1833 350 1878 non
371 1813 589 1876 Atheniensis.
623 1809 772 1876 Ceterum
791 1809 1029 1892 peregrinitatis
1045 1812 1191 1895 reprehen-

286 1927 338 1994 sio
363 1927 396 1992 in
423 1923 652 1990 Ruhnkcnium
677 1941 715 1988 co
736 1922 843 1988 rninus
863 1922 1011 2006 valebat,
1035 1926 1189 2009 quodiam

287 2038 512 2122 duodeviginti
545 2053 647 2104 annos
679 2037 713 2103 in
742 2036 871 2104 Batavis
893 2039 1056 2122 degisset,
1074 2059 1191 2122 umque

291 2155 456 2224 doctrinae
473 2151 554 2220 lama
572 2153 785 2236 illustrasset,
808 2165 906 2237 porro
923 2157 942 2222 l
961 2157 1098 2240 principe
1111 2157 1194 2226 Lite·

291 2289 397 2342 rarum
418 2267 664 2334 ilcmsterbusio
682 2269 783 2334 veluti
800 2269 972 2350 adoptatus
989 2286 1091 2338 essert
1104 2271 1193 2338 autu

287 2383 434 2463 valebat,
455 2383 590 2448 debebat
606 2383 680 2447 item
700 2383 842 2450 valuisse
861 2386 1017 2453 adversus
1036 2387 1193 2456 Wesseliu·

286 2499 394 2582 pum,
424 2496 630 2578 Graevium,
661 2495 891 2581 Gronovium,
928 2499 1113 2588 vossium,
1139 2501 1194 2570 Sal·

288 2611 449 2692 marium,
471 2609 691 2694 Scaligerum,
713 2610 961 2683 innumerabiles
984 2619 1070 2686 alios
1093 2621 1125 2688 in
1145 2637 1193 2686 suo
1229 2683 1230 2696 2

250 2745 450 2810 *quemque
474 2743 588 2812 genere
615 2725 798 2811 principes:
823 2731 944 2812 quibus
970 2749 1003 2801 ct
1028 2707 1192 2820 prudentis·
1229 2733 1230 2744 ’

287 2847 362 2914 simi
387 2845 486 2931 hujus
512 2844 555 2911 rei
584 2844 731 2926 publicae
755 2861 893 2914 rectores
909 2866 988 2930 „et
1016 2854 1096 2922 boni
1118 2853 1192 2920 circs
1229 2853 1230 2946 l

291 2979 423 3042 omnes,
454 2959 557 3026 veluti
577 2960 715 3044 insignis
736 2961 901 3045 beneficii,
934 2985 1064 3051 magnas
1088 2970 1191 3035 habuc·
1229 2973 1230 2982 ’

290 3089 367 3143 runt
391 3075 530 3160 gratias,
554 3077 644 3156 quod
670 3077 750 3142 hanc
774 3077 885 3158 potius
913 3099 1010 3163 quam
1035 3085 1123 3148 aliam
1142 3098 1194 3149 tet·

231 3199 236 3208 ’
286 3207 352 3258 ram
364 3236 377 3273 ‚
388 3189 444 3257 ubi
458 3189 636 3258 habitarent
652 3204 684 3258 et
697 3192 875 3262 doctrinam
892 3213 984 3264 suam
993 3199 1196 3283 explicarent,

1146 3313 1200 3379 ele·

327 3479 346 3560 (
355 3479 417 3560 επ)
447 3485 535 3558 Diog.
561 3481 656 3547 Laert.
675 3485 737 3560 VI,
764 3485 812 3562 63.
838 3484 983 3551 Tribuitur
1002 3506 1030 3551 ct
1050 3487 1199 3551 socratirb

256 3620 259 3628 »
290 3593 371 3664 aliis,
401 3606 430 3652 et
449 3594 587 3652 Cicerone
605 3593 693 3656 Tusc.
711 3595 759 3666 V,
779 3609 833 3672 37:
858 3599 1013 3660 ubimulta
1031 3601 1128 3660 similia
1146 3599 1201 3653 elio

289 3715 350 3758 rum
364 3701 439 3760 dicta
455 3715 532 3761 notat
547 3703 688 3765 Davisius.
718 3707 884 3779 Caeterum,
898 3725 952 3782 ego
969 3710 1128 3768 memoriter
1144 3719 1199 3764 coo
1228 3701 1229 3752 ἶ

293 3807 416 3866 scribens
441 3811 516 3868 bunc
535 3813 653 3880 locum,
682 3811 798 3871 formam
818 3815 878 3890 eius
897 3817 966 3877 duxi
986 3821 1002 3882 e
1028 3818 1112 3878 simili
1134 3813 1202 3874 ciel·
1228 3803 1229 3834 ³

294 3913 467 3977 Antisthenis
487 3919 561 3996 apud
580 3923 669 3996 Diog.
688 3921 783 3984 Laert.
797 3923 858 3996 vl,
880 3939 907 3989 ι.
