2562 4708
213 336 278 392 ιο,
341 260 518 376 orario
541 309 602 378 ua
625 309 674 378 vr
693 308 758 379 er
778 309 1020 383 rurrcacrn
1077 301 1080 316 '

210 493 263 570 v'el
284 495 382 566 bonis
405 499 456 564 vel
483 497 595 579 malis,
619 497 652 566 in
672 509 977 582 utramquepartem
996 517 1147 572 nonanto«

150 677 155 686 .
210 593 354 686 Veamurss
399 610 487 686 Hinc
511 613 715 682 stimulamur
731 630 762 680 et
778 615 979 682 incendimur
998 618 1038 685 ad
1055 638 1141 690 recta

210 723 384 820 imitanda,
408 755 504 822 prava
521 735 684 819 fugienda.
729 735 816 804 Hinc
836 737 1022 810 naturarum
1043 739 1141 807 boni·

210 828 262 921 tais
280 859 408 936 apparet
423 848 562 917 externis
579 849 671 916 etiam
691 849 817 934 signis:
845 851 918 933 vel,
942 871 1043 935 quum
1062 855 1142 925 horn

208 965 282 1038 rent
306 971 345 1035 ad
366 967 445 1048 facti
470 967 693 1052 atrocitatem,
726 971 821 1054 cujus
848 990 916 1049 pon
942 993 1075 1056 capaces
1102 994 1140 1042 se

211 1095 282 1150 esse
305 1081 470 1150 sentiuntr
494 1084 568 1165 vel,
594 1102 695 1166 quum
727 1083 931 1154 incalescunt
956 1089 996 1156 ad
1020 1085 1141 1176 egregii

212 1181 429 1280 coguitionem
449 1193 550 1280 facti,
575 1199 671 1284 culus
692 1197 756 1281 ipsi
780 1219 815 1266 se
830 1219 964 1283 capaces
981 1223 1051 1270 esse
1067 1225 1148 1284 sens,

210 1295 320 1394 tium,
343 1325 374 1379 et
392 1332 501 1396 amore
516 1313 606 1379 illius
624 1315 746 1398 abrepti
765 1335 934 1400 personam
951 1321 1072 1404 agentis
1089 1324 1142 1389 in-

211 1413 338 1511 afluant,
366 1431 589 1512 lacrymasque
612 1430 707 1497 inviti
733 1430 888 1504 fundunt.
934 1435 963 1501 0
990 1439 1139 1520 generosi

211 1541 335 1612 indices
353 1546 451 1611 animi
468 1545 640 1644 lacrymae!
664 1567 686 1613 o
701 1568 779 1632 pars
796 1567 926 1618 naturae
940 1568 1068 1620 nostrae
1081 1556 1137 1623 be·
1174 1545 1177 1552 ’

211 1651 313 1726 n'efica
338 1673 370 1726 et
394 1659 597 1728 conciliatrix
614 1659 774 1729 Virtutis!
799 1666 855 1731 sed
874 1665 979 1732 eadem
1003 1667 1070 1736 cito
1087 1670 1140 1736 ni-

212 1776 276 1840 mis
292 1791 476 1844 exarescens
495 1791 532 1841 ac
557 1772 669 1841 fructu
693 1796 757 1846 suo
782 1775 965 1858 defraudata
983 1800 1042 1866 per
1068 1797 1142 1852 tur-

210 1892 270 1960 bas
291 1908 323 1959 et
347 1893 486 1960 ludibria
512 1891 595 1960 vitae
617 1894 834 1975 quotidianae.

229 2008 356 2077 Sede
381 2008 503 2091 duplici
530 2005 662 2076 fonte
647 2025 795 2078 motuum
820 2012 939 2098 animi,
961 2011 1143 2102 Voluptate

210 2155 250 2235 ac
269 2133 417 2213 Dolore,
438 2131 681 2198 innumerabilis
706 2145 812 2204 manat
837 2133 1012 2206 multitudo
1034 2127 1081 2200 et
1086 2155 1144 2206 va·

150 2312 155 2321 .
208 2227 306 2317 rictas
332 2229 527 2327 affectuum,
551 2263 691 2328 quorum
718 2247 861 2328 quisque
884 2258 933 2313 est
951 2245 1046 2331 quast
1072 2246 1141 2312 adi·

207 2343 287 2476 tus,
315 2381 489 2448 perquem
516 2361 672 2445 Exempla
698 2323 885 2446 perveniani
910 2363 950 2429 ad
973 2365 1138 2444 animum,

209 2467 347 2564 eumque
365 2493 535 2545 moveant:
556 2496 615 2546 nec
634 2475 723 2546 ullus
739 2492 789 2545 est
806 2475 964 2560 affectus,
986 2477 1063 2559 cui,
1084 2479 1139 2556 vel

209 2593 402 2680 eicitando',
425 2595 476 2664 vel
492 2577 655 2677 sedando,
677 2609 754 2662 'non
773 2593 921 2661 idoneum
945 2591 1140 2679 Exemplum

210 2701 252 2782 ab
269 2709 415 2780 Historia
433 2713 499 2796 peti
523 2725 639 2795 queata
664 2712 703 2778 de
720 2711 841 2795 quibus
860 2711 1067 2794 peculiariter
1089 2711 1140 2780 di·

209 2837 281 2907 ecre
302 2833 463 2900 inlinitum
491 2819 568 2911 est,'
587 2815 724 2897 strictim
750 2831 859 2899 locum
887 2831 1036 2916 attigisse
1059 2832 1139 2903 satis

209 2943 267 3017 sit.
312 2945 607 3031 Frequentissimus
631 2949 802 3030 omnium,
832 2948 890 3031 qui
914 2950 952 3015 ab
976 2947 1140 3032 Exemplo

211 3077 245 3128 et
271 3063 420 3129 Hist'orii
442 3062 615 3144 oriuntur,
648 3079 800 3125 sensuum
828 3057 1066 3141 affectuumque
1088 3073 1141 3160 est
1189 3119 1193 3130 .

213 3179 439 3249 aemulationis
464 3193 495 3243 et
520 3176 662 3262 gloriae,
688 3177 745 3260 qui
763 3177 932 3246 acerrimos
948 3179 1064 3245 animis
1086 3179 1143 3246 ad-

111 3431 115 3444 ·
209 3399 387 3498 piendum,
410 3427 446 3477 ut
469 3426 501 3480 et
523 3411 590 3477 vivi
615 3413 804 3494 laudentur,
823 3426 854 3476 et
878 3413 996 3477 mortui
1024 3415 1063 3480 ad
1081 3434 1146 3500 poa

212 3529 367 3600 sieritatis
386 3529 567 3594 memoriam
583 3529 796 3598 celebrentur.
828 3527 925 3600 Dicat
940 3525 1024 3594 forte
1041 3529 1143 3613 quis,

210 3647 331 3737 gloriae
353 3645 497 3713 studium
529 3665 596 3711 non
622 3662 693 3711 esse
720 3662 829 3710 verum
853 3641 996 3709 Virtutis
1022 3641 1144 3727 princi·

209 3737 316 3852 pium.
361 3749 496 3829 Audio:
516 3779 576 3827 uec
596 3780 702 3846 nego,
725 3759 782 3825 illo
798 3756 918 3842 gloriae
932 3757 1145 3825 studiomul-

216 3884 270 3950 tos
284 3879 325 3950 ad
343 3877 446 3952 multa
464 3875 542 3950 v'itia
559 3868 715 3952 deduoos
738 3893 821 3950 ease.
866 3871 964 3950 Enim
981 3892 1083 3954 vero,
1104 3873 1150 3944 ut·

1076 3986 1143 4064 hoc

96 3279 98 3286 X
210 3297 301 3363 hibet
320 3296 473 3363 stimulos
497 3295 536 3361 ad
559 3311 654 3360 omne
671 3294 869 3377 praeclarum
891 3291 1011 3360 factum
1036 3294 1162 3378 susci„
1279 3345 1280 3356 ,
