2388 4714
196 289 571 386 ·SELECT.PR1NC.
594 304 773 384 HISTOR.
894 320 959 408 ads

52 503 129 556 aas:
148 499 178 555 et
190 501 269 572 qnae
285 490 411 573 optima
427 505 539 576 operae
555 487 630 578 para
645 511 733 584 erat,
748 498 874 586 aliquot
888 501 957 572 Ne·

54 603 132 686 potis
162 603 271 686 Vitae,
303 605 436 692 Virgilii
467 609 648 697 Georgica,
685 617 836 685 Aeneidis
865 620 958 688 dimi·

54 721 144 787 dirm.
175 721 247 787 Hoc
265 724 458 804 quantulum
473 725 549 793 esti
571 740 603 792 et
619 743 725 796 torum
744 729 810 797 fere
826 731 860 800 in
877 734 959 802 obli·

55 835 164 902 cionem
178 839 311 908 abierat.
354 843 455 909 Erant
474 844 531 926 qui
547 846 710 929 dicerent,
734 845 866 917 Latinis
887 852 960 918 lite·

58 954 103 1019 ria
122 955 206 1039 milri,
230 955 425 1026 Graecarum
448 958 575 1044 perito,
594 963 657 1048 jam
681 981 748 1030 non
766 983 852 1048 opus
871 985 954 1038 esse.

65 1069 142 1156 Qrad
164 1093 261 1158 quam
296 1075 340 1142 sit
361 1076 522 1161 stultum,
549 1095 581 1146 et
608 1100 669 1149 vos
692 1082 807 1150 videtis
834 1097 868 1150 et
897 1095 958 1170 ego

68 1188 263 1273 intelligebam.
309 1194 440 1261 Accedo
457 1197 497 1263 ad
517 1193 718 1268 Terentium.
763 1191 958 1270 Incredibile

65 1305 134 1372 solis
159 1308 298 1375 narrabo
320 1322 351 1374 et
376 1325 482 1378 tamen
506 1329 636 1380 verum:
667 1332 708 1380 ne
728 1315 958 1390 Demosthenis

22 1499 24 1504 ι
60 1420 162 1502 orden
182 1425 313 1506 primus
337 1427 447 1494 aditus
462 1427 625 1496 difficilior
640 1428 707 1497 fuit
723 1449 817 1514 quarn
836 1433 957 1500 Teren·

22 1543 25 1680 k
53 1537 90 1606 tii.
128 1537 238 1608 Unius
263 1543 383 1610 mensis
407 1543 499 1614 labor
522 1544 705 1629 expeditum
723 1543 860 1614 reddidit
882 1549 954 1618 lter.

22 1681 23 1686 ¹
55 1655 137 1743 Pergo
152 1661 192 1726 ad
210 1657 425 1743 Ciceronem,
443 1655 512 1728 t'trm
531 1661 571 1728 ad
588 1663 682 1731 alios.
719 1663 810 1753 Quid
829 1668 956 1736 multa?

22 1757 24 1836 i
56 1793 247 1861 quocumque
271 1777 458 1864 ingredior,
481 1777 604 1846 Graeca
626 1781 762 1865 vestigia
790 1799 957 1868 agnosco,

22 1867 23 1952 3
55 1901 318 1987 rea,dlctionern,
336 1893 511 1970 sent'entias
529 1900 563 1968 in
579 1900 717 1968 alienum
735 1903 843 1969 solum
857 1919 960 1971 trans·

54 2025 126 2090 latas.
167 2019 270 2090 Unus
283 2037 388 2086 annus
408 2017 543 2084 Latinas
563 2015 711 2101 patefecit
727 2013 866 2084 Lirenas.
909 2017 959 2088 lle

22 2199 23 2202 ,
57 2144 157 2224 reliquo
172 2157 276 2206 cursu
293 2155 360 2206 non
376 2132 479 2203 dicam
497 2136 561 2202 nisi
580 2136 664 2217 hoc,
686 2153 759 2200 eum
787 2135 958 2218 hucusque

63 2255 311 2338 namnetum,
335 2266 372 2318 ut
387 2251 507 2318 tardior
524 2249 774 2333 diligentiorque
790 2249 958 2334 progrede-

63 2393 115 2442 [σε
135 2395 198 2444 non
223 2389 263 2440 ut
288 2373 410 2450 multa,
441 2370 497 2436 sed
521 2369 681 2450 multum,
711 2366 866 2450 legerent
894 2379 953 2432 nee

61 2495 138 2580 magis
159 2495 340 2562 accederem
364 2490 406 2556 ad
426 2505 533 2568 nova,
564 2503 658 2568 quam
677 2497 783 2550 vetera
805 2499 954 2552 retracta·

61 2625 126 2690 ren,
144 2609 182 2675 td
203 2605 349 2672 criticam
367 2601 520 2669 rationem
540 2599 717 2683 exigerent,
740 2599 780 2664 ad
803 2597 959 2666 scientiae

60 2720 176 2790 intttrm
202 2719 366 2802 animique
392 2733 524 2785 sensum
553 2713 713 2782 referrem.

22 2899 23 2902 ,
94 2837 171 2925 Ergo
192 2835 283 2920 quod
308 2853 368 2919 ego
395 2831 466 2899 sine
489 2829 660 2916 magistro,
684 2829 959 2915 colliserant,

65 2953 158 3037 potui,
180 2954 245 3020 hoc
262 2969 345 3030 vos,
367 2947 526 3032 ingeniosi
551 2947 791 3024 adolescentes,
813 2946 959 3032 adjutore

66 3071 215 3155 negistro,
236 3088 303 3138 non
321 3064 493 3150 poteritis?
533 3063 635 3130 Immo
655 3062 730 3146 plus
755 3061 849 3128 etiam
869 3079 962 3144 pote·

72 3185 135 3253 titis:
156 3188 252 3254 modo
270 3181 371 3252 studii
385 3179 600 3250 constantiam
617 3175 787 3257 adferatis,
810 3177 962 3258 sineque

80 3299 150 3366 aad·
177 3299 298 3384 ingenii
329 3296 474 3363 celeritas
508 3296 549 3361 ad
582 3291 802 3377 percipiendas
833 3291 959 3360 Literas

83 3406 279 3500 liaeptinasve
298 3433 379 3482 vana
400 3428 431 3479 et
454 3411 577 3478 inutilis
599 3425 662 3477 est.

113 3527 168 3614 led,
194 3531 324 3614 inquit,
356 3534 433 3598 Non
462 3529 613 3597 omnibus
638 3536 733 3593 vacat
756 3539 879 3592 tantum
909 3525 961 3593 his

78 3635 165 3713 lircn'r
184 3666 311 3732 tempus
336 3651 429 3730 dare;
460 3665 563 3731 neque
590 3645 709 3726 etiarn,
740 3647 830 3728 quod
852 3661 889 3712 tu
917 3644 965 3711 fa·

74 3755 126 3840 tis,
143 3781 190 3830 eas
216 3763 474 3848 profitebuntur:
497 3765 585 3832 aliud
612 3767 736 3846 cuique
754 3767 965 3849 praecipuum

70 3879 290 3966 catatonum,
321 3901 386 3968 quo
417 3881 590 3964 aliqnando
622 3895 654 3946 et
685 3897 750 3948 rem
783 3895 815 3948 et
839 3875 966 3944 laudem

503 3997 579 4078 R4
870 4007 969 4074 quae·
