2418 4718
253 317 326 400 aaa
391 291 690 385 &unsarana
716 333 765 384 lx
791 311 1012 388 nnrrrouu

574 625 576 632 '
663 630 696 714 ς.
734 649 796 701 oo.

413 859 459 924 De
477 855 599 920 Bacdets'
617 839 776 922 Maiestate
793 858 1041 923 emendationibus.

303 1079 372 1168 Jam
399 1077 476 1144 licet
492 1079 533 1147 ad
555 1075 749 1142 emendatam
774 1075 967 1164 scripturam
986 1077 1163 1148 Plutarcheo·

264 1209 336 1261 rum
353 1192 507 1257 librorum
526 1207 591 1258 non
610 1207 800 1273 magnopere
812 1189 995 1275 profectum
1010 1207 1105 1270 esset,
1121 1206 1161 1254 en

264 1306 370 1390 cmpla
394 1321 498 1373 tamen
525 1325 637 1372 eorum
664 1307 741 1372 adeo
764 1321 851 1374 erant
879 1311 995 1389 multa,
1015 1309 1089 1372 adeo
1113 1305 1162 1369 lm

263 1421 417 1506 quentia,
448 1435 485 1488 ut
508 1421 547 1488 ab
572 1421 630 1486 illo
654 1432 797 1502 tempore
822 1421 862 1487 ad
892 1439 1026 1488 nostram
1047 1432 1164 1483 aetatem

262 1555 360 1608 nemo
378 1535 556 1620 bibliopola
569 1553 688 1602 novam
712 1531 922 1618 Editioncm,
946 1535 1084 1602 Graecam
1100 1532 1166 1611 qui·

262 1655 359 1734 dem,
383 1652 603 1718 universorum
619 1651 763 1734 Operum
782 1652 887 1718 moliri
905 1655 1053 1736 auderet,
1073 1665 1099 1716 ct
1111 1647 1165 1714 viri

265 1769 354 1836 tlocti
370 1767 398 1834 si
420 1768 478 1850 qui
502 1767 565 1834 hoc
584 1767 757 1852 agitarent,
780 1769 822 1834 ob
835 1770 964 1835 eandem
984 1785 1118 1836 caussam
1134 1765 1164 1831 ab

144 1905 147 1918 ·
264 1878 396 1966 incepto
415 1883 613 1952 desisterent.
659 1881 748 1966 Ergo
766 1885 805 1949 ad
823 1887 1009 1952 vertendum
1028 1887 1060 1952 in
1075 1887 1165 1967 vulga·

263 1989 316 2068 tes
338 1999 467 2084 linguas
483 1999 688 2068 Plutarchum
709 2001 859 2094 nonnulli
878 2021 912 2068 se
930 2005 1093 2070 dederunt.
1119 2000 1165 2066 Sed

260 2117 403 2197 horum,
428 2118 516 2197 quod
538 2111 685 2199 equidem
709 2120 922 2200 aciam,·n0n
942 2121 1010 2189 nisi
1032 2121 1093 2188 duo
1114 2115 1165 2184 lue·

257 2226 341 2297 ‘rum
367 2229 425 2313 qul
451 2233 573 2314 aliquid
591 2235 777 2302 incrementi
799 2236 958 2326 adferrent
979 2235 1163 2304 emendationi

258 2331 517 2431 rescriptume,
541 2363 676 2433 uterque
695 2349 834 2436 Gallus,
859 2371 1093 2423 craunrus
1116 2373 1163 2421 aa·

258 2473 442 2534 omarus
470 2449 792 2552 nruzrnracus,
818 2485 849 2538 et
873 2489 1088 2541 annuens
1113 2489 1165 2536 ns·

261 2603 444 2652 cantus.
490 2587 539 2654 Ac
566 2575 859 2669 deasceato,
885 2593 1016 2672 quando
1044 2583 1167 2658 nonnisi

256 2701 358 2772 Vitas
388 2701 509 2786 vertit,
542 2723 608 2776 non
638 2705 804 2788 estquod
835 2705 1003 2773 hocloco
1034 2705 1165 2771 dicamus.
1191 2743 1192 2802 l

258 2813 503 2887 Mszrarac
516 2839 565 2886 us
587 2825 762 2902 utrumque
775 2817 931 2905 agitavit,
952 2836 1092 2886 neutrum
1108 2829 1168 2896 per·

258 2930 358 3014 fecit,
380 2933 438 3000 sed
453 2947 556 2998 tamen
577 2951 612 2998 ea
627 2933 662 3000 ln
681 2933 920 3002 commentariis
941 2933 1068 3018 scriptis
1081 2947 1167 2996 anno·

256 3045 322 3116 tata
338 3049 490 3132 reliquit,
514 3063 550 3146 ut
569 3049 655 3122 haud
673 3061 836 3131 postremo
859 3049 902 3115 sit
920 3052 1000 3117 loco
1016 3045 1165 3146 ponendos

256 3157 291 3240 in
308 3166 491 3234 Moralium
508 3163 771 3233 Plutarcheorum
783 3147 1067 3250 ‘emendatoribus
1107 3160 1166 3230 Fuit

162 3341 166 3346 .
256 3281 310 3350 hic
342 3283 499 3350 excellens
518 3281 662 3348 doctrina
682 3282 753 3363 vir,
776 3283 882 3356 omnis
911 3277 1124 3366 Antiquitatls
1144 3283 1167 3336 tt

253 3391 419 3469 Historiae
440 3401 515 3467 item
531 3399 767 3484 Philosophiae
790 3397 1029 3484 peritissimus,
1051 3395 1168 3462 Graecae

205 3545 207 3550 ·
249 3523 377 3608 linguae
395 3539 541 3590 accurate
550 3518 929 3606 ,intelligendarum
946 3517 1102 3596 rationis,
1123 3521 1167 3578 sel
1191 3535 1192 3583 l

252 3635 497 3724 Mythologiae,
521 3657 646 3706 omnent
671 3637 805 3703 omnino
822 3633 949 3716 copiam
979 3646 1012 3697 et
1028 3627 1166 3696 ambitum

140 3827 143 3834 Ἰ
253 3765 360 3816 mente
383 3753 592 3836 complexus:
624 3750 688 3816 huc
715 3747 886 3815 accedebat
922 3745 1055 3832 egregia
1085 3752 1192 3810 remu

247 3861 556 3964 *Mathematicarum
577 3866 733 3955 scientia,
753 3877 789 3932 ut
809 3863 894 3934 haud
914 3861 1015 3932 sciam
1037 3879 1076 3930 an
1091 3866 1168 3926 neno
1191 3877 1192 3882 ¹

243 3977 252 3998 ⁵
619 3975 636 4016 ’ὅ
726 3977 732 3992 ’
1108 3976 1170 4058 post
