2572 4710
302 261 367 382 ab
429 275 683 410 suessano
703 279 861 364 resne
885 245 1100 382 qumque

287 477 371 562 ‘dem
403 490 448 560 ita
475 487 542 555 fieri
571 491 674 573 solet,
703 502 741 556 ut
765 489 798 556 in
823 488 1088 573 reprehendendis
1109 493 1228 581 uitiisp

289 605 484 698 'pracsertim
501 606 531 672 si
547 607 655 690 gravia
668 606 739 672 'sint
756 618 788 672 et
805 600 1008 688 frequentia,
1029 621 1061 674 et
1079 625 1154 675 cum
1171 611 1227 677 ri·

286 701 400 798 'nitate
429 719 599 788 scribentis
623 719 818 806 conjuncta,
849 711 957 786 acrius
988 713 1222 792 vehementius·

299 858 365 926 quc
383 831 537 905 sententia
560 831 782 918 significetur3
806 833 953 903 dabimus
976 846 1127 922 operam,
1156 841 1216 921 ut,

286 953 388 1036 'quod
412 950 517 1018 adhuc
540 947 660 1014 efficere
691 947 898 1030 studuimus,
931 949 1038 1018 omnis
1065 973 1084 1020 t
1110 967 1221 1022 nostre

284 1061 542 1152 'reprehensione
557 1061 642 1131 absit
657 1060 826 1134 acerbitas.
868 1063 1044 1151 Ceterum,
1065 1083 1103 1134 ut
1119 1071 1218 1157 hujus

200 1253 202 1258 ,
295 1181 430 1251 consilii
447 1169 729 1262 animique'nostri
748 1177 976 1247 documentum
993 1182 1218 1270 exhibeamus,

280 1283 456 1386 ''primum,
477 1289 542 1364 boc
557 1293 766 1380 profitemur,
785 1313 853 1363 non
869 1311 941 1362 esse
957 1296 1136 1364 uberiorem
1150 1297 1220 1366 fru-

294 1430 407 1495 ctum,
429 1429 524 1494 qucm
544 1427 584 1476 ex
607 1409 667 1474 hac
688 1407 868 1490 scriptione
886 1409 1070 1492 cupiamus,
1092 1409 1159 1477 nisi
1177 1425 1216 1476 nt

293 1530 429 1598 eliorum
454 1525 673 1594 admonitione
691 1539 825 1594 nostroe
851 1525 917 1612 ipsi
936 1544 1055 1594 errores
1076 1522 1218 1610 corriga-

293 1667 392 1718 mus:
414 1643 548 1724 deinde,
570 1641 605 1709 in
634 1640 709 1724 ipso
725 1641 875 1726 ingressu
902 1641 1002 1744 hujus
1027 1640 1218 1730 voluminis

292 1745 351 1834 ita¹
361 1759 496 1828 Veritati
511 1758 702 1841 litabimus,
723 1772 787 1840 ut,
809 1759 913 1841 siqui
931 1759 1051 1844 prioris
1067 1757 1217 1828 Volumi-

292 1882 347 1950 nis
370 1879 436 1946 loci
453 1876 650 1946 correctione
669 1892 757 1958 opus
776 1875 935 1958 habeant,
959 1895 1027 1942 earn
1048 1891 1138 1944 nunc
1148 1875 1213 1963 ipsi

290 1987 556 2078 expromamus(
593 1991 624 2076 ).
693 1995 698 2010 '
1190 1985 1194 1996 '

333 2110 508 2189 Ceterum,
548 2105 637 2190 quod
678 2105 784 2173 nullus
804 2101 971 2173 'hactenus
1007 2103 1209 2190 peculiares,

271 2205 412 2311 sesque
427 2221 581 2306 ineditas,
602 2223 777 2308 adjecimus
794 2194 1065 2308 Disputationes,
1084 2219 1212 2289 factum

289 2353 340 2408 cst
367 2337 551 2418 librorum,
582 2349 719 2418 quorum
753 2353 906 2406 censurae
937 2337 1073 2424 agendae
1100 2350 1214 2418 erant,

289 2449 509 2524 multitudine.
552 2448 682 2537 Quare,
704 2451 881 2535 siquando
902 2453 954 2518 vel
978 2453 1095 2534 plures
1108 2449 1211 2535 hujus

293 2568 485 2653 scriptionis
515 2568 647 2650 socios,
677 2567 730 2634 vel
754 2561 860 2654 map‘us
883 2565 1010 2647 otium,
1038 2565 1126 2635 nacti
1148 2563 1212 2631 eri·

267 2693 271 2701 '
290 2703 386 2768 mus;
401 2683 509 2768 plures
528 2683 702 2766 quotannis
718 2682 897 2768 prodibunt
912 2679 1131 2750 bibliothecae
1147 2681 1213 2748 hn-

266 2811 273 2826 ·
285 2799 344 2887 jus
371 2809 502 2882 partes,
532 2808 582 2878 et,
613 2793 772 2862 confectis
795 2796 965 2877 censuris,
987 2793 1111 2879 aliquid
1136 2793 1206 2862 ioci

288 2909 490 2994 relinquetur
516 2908 741 2994 peculiaribus·
761 2909 1058 2996 Disputationibus.
1106 2909 1209 2980 Nunc

289 3025 420 3110 quidem
444 3025 523 3090 duas
540 3025 712 3110 adjecimus
730 3027 889 3110 ejusmodi
914 3029 1095 3112 particulas.
1137 3027 1210 3096 Ht-

288 3157 361 3212 rum
381 3143 477 3208 altera
495 3141 589 3208 habet
611 3143 929 3212 Animadversionem
947 3141 1150 3220 Valckenarii
1166 3147 1209 3214 ad

285 3273 337 3324 res
352 3255 773 3342 Ptolemaeorum,·prodita
793 3259 828 3328 in
853 3260 962 3346 libro,
988 3249 1101 3342 quiin
1124 3279 1209 3343 pau·

283 3387 398 3438 cortem
424 3387 474 3440 est
500 3369 671 3456 manibus,
690 3389 803 3440 eornm
820 3373 968 3460 quidem,
992 3373 1055 3458 qui-
1073 3389 1207 3444 possm

913 3508 916 3516 .
1147 3489 1210 3558 fn„

320 3670 394 3750 (*)
413 3647 572 3748 Sequuntur
593 3673 798 3738 emendationes
820 3674 956 3752 quaedam·
978 3675 1007 3734 in
1034 3675 1127 3740 Portet
1149 3653 1211 3740 iv.

282 3767 407 3856 priores,
425 3769 526 3844 quibus
543 3768 679 3864 absolutis
690 3774 736 3860 ¹sic
756 3775 847 3850 pergit
868 3773 918 3838 vir
933 3770 1010 3833 ciat.
1112 3783 1119 3796 ·
1163 3761 1172 3782 ⁶
