2506 4712
259 343 325 422 „a
425 325 560 401 vttrt
595 331 640 401 n.
682 327 1017 404 nnttrtttsrttt.

184 565 188 573 -
263 520 373 592 anino
398 532 580 606 perceptam
604 517 860 608 impressamque
891 519 1030 603 ltabttit;
1058 533 1091 587 tt
1111 541 1188 591 non

262 637 364 706 nodo
389 635 502 720 spuria
521 634 664 719 quaevis·
680 635 785 718 ptimo
816 636 936 703 obtutu
960 637 1191 702 animadvute·

262 767 330 836 aet,
361 753 416 820 sed
438 752 548 819 multis
571 753 748 819 multotum
774 751 976 835 Scriptorum
1014 753 1103 820 locis
1128 753 1194 820 siae

261 870 395 936 illottrtn
417 868 547 934 nomine
572 869 724 953 deinceps
751 867 895 952 positis,
927 868 1031 934 veluti
1063 868 1099 935 in
1122 868 1198 936 Sto·

265 985 367 1066 lateo,
388 983 521 1050 sentiret
542 984 705 1051 continuo
725 985 820 1070 eujus
848 981 1032 1068 scriptoris
1057 984 1197 1066 quisque

264 1101 359 1168 locus
386 1115 494 1166 estet:
530 1114 594 1184 et,
636 1101 671 1167 in
698 1099 927 1184 linthologla,
955 1099 1191 1185 Epigramma,

267 1217 499 1300 quodcumqae
514 1215 657 1284 auctorit
674 1215 806 1284 nomine
820 1217 944 1284 omisso
960 1231 1130 1300 ustam,
1151 1235 1199 1282 se·

266 1334 327 1399 tnel
343 1350 381 1398 eo
405 1332 490 1398 lecto
510 1333 618 1398 atatim
636 1330 829 1416 intelligeret
844 1351 912 1400 noo
929 1334 1043 1400 solum
1069 1351 1133 1414 qua
1156 1353 1195 1400 er

268 1459 392 1530 aetate,
416 1447 569 1528 antiqua,
592 1446 715 1528 media,
745 1465 785 1512 an
811 1463 995 1530 postrema,
1021 1448 1074 1514 sed
1097 1448 1192 1530 quod

266 1564 363 1645 longe
379 1562 505 1647 majos,
529 1565 623 1648 cujus
636 1561 755 1642 Poetae
770 1577 878 1644 esset,
892 1581 930 1629 ex
945 1581 987 1628 eo
1003 1563 1084 1628 adeo
1098 1579 1194 1647 gene·

266 1697 301 1745 re
320 1676 513 1761 Politarunt,
534 1697 674 1762 quornm
693 1695 761 1747 non
780 1677 844 1744 nisi
862 1676 1063 1760 pauclssima
1081 1693 1195 1761 soper-

267 1813 345 1866 sunt
371 1797 631 1883 Epigrammata3
655 1813 796 1880 quornm
813 1795 949 1879 proinde
965 1795 1059 1876 quod
1084 1797 1195 1882 cujus·

271 1933 334 1997 que
350 1913 425 1996 sit,
446 1915 667 1983 difficillimum
695 1929 744 1982 est
765 1912 916 2034 judieare.
961 1913 1027 1980 Sed
1051 1914 1194 1980 emenda·

270 2030 396 2097 tionotn
421 2032 648 2116 coniecturas,
669 2026 734 2096 nisi
757 2042 876 2112 sponte
893 2041 925 2092 et
947 2027 1081 2107 subito,
1099 2026 1192 2093 facili

270 2161 356 2215 certe
370 2159 488 2232 partu,
508 2161 620 2228 natas,
644 2163 709 2213 non
727 2144 906 2228 probabat:
931 2161 1015 2225 quae
1027 2143 1192 2226 emjaeto·

267 2265 314 2332 ris
331 2263 559 2347 cogitationem
585 2263 641 2329 dio
661 2263 902 2341 exercuissent,
925 2260 1123 2328 hastulam
1142 2263 1194 2325 ai-

267 2381 366 2440 tantit
383 2376 498 2441 ltabete
519 2377 642 2461 ajebat:
668 2377 757 2457 quod
783 2373 959 2441 Suetonius
977 2373 1060 2442 dixit
1077 2378 1116 2441 de
1130 2375 1196 2442 Ve-

268 2487 420 2572 spasiano
451 2491 565 2574 (7⁸)·
619 2490 724 2556 Unam
750 2489 947 2574 fatebatur,
974 2511 1013 2557 er
1035 2492 1191 2564 ottoilaoa

270 2605 341 2675 suis
365 2603 664 2687 emendationibus,
686 2623 769 2689 quas
788 2604 918 2688 quidem
935 2607 1032 2674 adhue
1056 2621 1190 2689 potaret

268 2737 372 2792 certas
389 2739 481 2805 esse,
503 2722 605 2788 multo
635 2720 698 2788 sibl
725 2735 868 2805 ternpore
889 2722 1091 2804 constitisse,
1108 2721 1192 2787 Vel·

264 2841 320 2926 leji
334 2839 516 2922 Paterculi,
538 2837 599 2920 (l,
627 2841 708 2925 18.)
729 2839 888 2922 proditam
904 2843 940 2905 in
957 2838 1103 2906 Historia
1116 2839 1192 2906 Cti-

271 2951 335 3025 tica
361 2957 532 3023 Oratorttm
561 2953 783 3036 Graecorum,
812 2974 847 3038 p.
867 2972 931 3039 37,
955 2973 1020 3038 qua
1045 2957 1196 3022 mendosa

271 3072 452 3156 scriptura,
481 3071 558 3140 Una
592 3073 668 3138 orbs
697 3071 814 3138 Attica
837 3073 995 3160 pluribus
1019 3059 1196 3140 anais-ela·

272 3190 442 3278 quentiae,
466 3207 563 3276 qaam
579 3191 732 3258 antarta
749 3187 896 3256 Graecia
913 3192 1119 3282 operibusque
1135 3189 1196 3274 lla·

1102 3311 1195 3388 tait,

308 3473 326 3554 (
336 3474 400 3554 78)
422 3477 454 3535 ln
473 3477 538 3537 Vita
555 3478 738 3554 Vespasiani,
764 3495 820 3540 aot
849 3481 976 3542 Statura
987 3482 1056 3559 suit
1073 3483 1196 3559 quadra·

266 3595 319 3654 aa,
346 3591 495 3662 compactis
516 3587 661 3664 firmisque
679 3591 827 3660 membris,
855 3595 939 3651 valta
957 3594 1053 3651 veleri
1070 3597 1193 3651 nitentis.

253 3691 347 3754 ,vtae
370 3697 486 3769 quidam
504 3699 678 3759 urbanarum
696 3715 749 3758 aaa
768 3695 911 3774 infacete,
931 3703 956 3757 si
974 3701 1088 3774 quidem
1103 3713 1197 3778 petes·

240 3807 292 3863 .·tl
310 3815 344 3864 at
361 3817 390 3860 et
407 3810 438 3864 ln
457 3825 485 3866 se
503 3808 617 3884 aliquid
632 3808 754 3869 diceret:
774 3807 887 3880 dicant,
905 3813 1022 3886 iapalt,
1052 3831 1114 3872 cata
1131 3829 1190 3872 vett·

263 3922 340 3975 nata
358 3927 512 3976 exonerare
527 3914 653 3978 desierit.
1251 3899 1252 3916 χ
