2508 4712
140 363 143 372 ·
213 333 346 412 VITA
381 335 427 407 D.
464 331 800 407 RUHNKENII·
909 335 977 422 ὄις

35 523 138 613 xisti,
158 525 253 595 unde·
271 522 435 606 intelligas
459 537 567 590 rerum
584 519 816 600 hominumque
831 520 974 606 coniun-

33 661 120 715 ctam
140 661 213 710 esse
229 623 429 709 Historiamt
453 636 510 704 sed
533 635 805 717 utrraltaudem,
828 637 867 701 de
896 638 969 720 qui·

38 763 115 832 bus
125 758 225 827 rebus
241 753 495 835 hominibusque
512 763 671 834 praeurea
686 749 857 816 didicerint
883 752 970 820 verbi

33 897 177 961 caussa,
199 875 364 958 deSyila,
388 870 463 954 quis
484 867 607 948 fuerit,
628 867 681 936 dic
707 867 799 934 milri.
845 865 884 936 P.
902 867 974 950 Ty·

39 1011 166 1062 rannus
184 991 319 1060 Romae.
343 989 386 1057 R.
405 991 457 1055 An
475 1002 632 1070 tyrannus
649 984 714 1051 fuit
730 1003 849 1052 nomen
866 987 976 1068 qood·

33 1111 110 1177 dana
130 1107 337 1194 magistratus
353 1119 385 1172 er
402 1102 570 1170 mutueris?
605 1101 645 1172 P.
661 1101 805 1169 Nescio:
824 1117 909 1168 certe
925 1104 972 1171 ita

36 1231 132 1313 Sylla
158 1228 192 1295 in
218 1226 368 1294 Historia
387 1224 646 1308 cognominatur.
692 1222 737 1290 R.
755 1221 873 1292 Nonne
888 1224 974 1290 didi·

37 1341 139 1424 cisti,
162 1359 237 1408 cum
259 1341 458 1408 Dictatorem
487 1339 615 1422 fuisse,
640 1354 772 1422 atquae
794 1337 895 1408 fuerit
911 1335 975 1410 l'ru.

35 1459 94 1544 jus
113 1459 260 1526 nominis
279 1458 487 1540 munerisque
500 1457 671 1541 potestas?
712 1457 749 1525 P.
770 1457 865 1525 Haud
883 1458 978 1541 equi·

35 1577 134 1656 dem,
168 1575 261 1656 quod
297 1573 440 1644 memini.
494 1573 539 1641 R.
569 1574 631 1640 Sed
658 1559 795 1642 fortasse
826 1576 977 1662 magistra

44 1690 111 1754 tibi
126 1687 291 1770 narravit,
315 1707 397 1772 quae
411 1687 509 1754 fuerit
521 1686 573 1752 vis
592 1699 624 1752 et
641 1687 724 1754 ratio
739 1685 875 1754 aliorum
889 1691 978 1772 apud

39 1801 217 1868 Romanos
228 1803 495 1886 magistratuum,
510 1799 723 1887 Quaestoris,
734 1802 878 1885 Aedilis,
888 1804 982 1870 Prae·

41 1916 157 1997 toris,
178 1915 361 1998 Consulis,
385 1917 561 1998 Censoris,
584 1915 725 1984 Tribuni
744 1918 871 2000 plebis,
884 1933 916 1985 et
931 1937 979 1987 re·

41 2032 249 2115 liquorum?
291 2033 329 2102 P.
349 2031 428 2098 Non
447 2031 610 2101 sanavit:
629 2049 701 2099 nam
718 2032 793 2100 haec
815 2033 979 2118 difficilia,

42 2165 111 2216 mec
138 2147 213 2213 item
236 2147 380 2232 jucunda
398 2148 535 2231 cognitu
552 2161 651 2219 sunt.
676 2167 714 2214 ae
732 2165 781 2214 res
800 2163 925 2232 gestae:
948 2165 981 2217 et

41 2263 186 2332 nimium
214 2262 312 2330 nobis
339 2265 496 2348 temporis
519 2264 694 2348 explicatio
713 2265 842 2332 illorum
868 2267 981 2336 abstu-

39 2377 152 2444 lisset.
200 2375 244 2442 R.
267 2375 318 2444 De
337 2377 401 2442 hoc
424 2375 562 2446 sonasse
588 2378 704 2446 rectius
729 2381 890 2465 judicabis
912 2385 980 2452 alio

45 2507 217 2577 tempores
241 2510 328 2560 nunc
351 2495 495 2561 exomni
514 2493 570 2562 illa
584 2494 731 2562 Historia
747 2514 874 2580 rerum,
897 2517 980 2582 quas

44 2611 165 2690 nosti,
201 2627 299 2692 porro
334 2609 536 2678 detrahamus
569 2610 792 2695 cognitionem
814 2614 985 2698 roagium.

40 2743 140 2796 tuum
172 2723 407 2794 Romanorum.
454 2727 491 2793 P.
517 2727 563 2794 At
587 2743 648 2791 nos
674 2727 778 2808 magis
801 2728 979 2794 delectaba-

42 2857 122 2908 mur
143 2838 239 2908 bellia
263 2853 296 2908 et
318 2839 417 2907 iactis
441 2841 691 2924 cognoscendis.
738 2839 783 2912 R.
802 2848 856 2908 An
882 2843 982 2926 igitur

43 2954 207 3024 audivisti
229 2957 269 3024 de
291 2955 510 3041 Carthagine,
533 2955 701 3039 gestisque
718 2975 792 3023 curn
809 2977 844 3024 ea
861 2959 980 3026 bellisi

42 3074 85 3141 P.
111 3070 220 3153 Vero,
242 3069 375 3153 audivi3
400 3069 460 3136 tria
486 3067 571 3136 bella
602 3067 745 3138 fuerunt.
790 3069 834 3138 R.
857 3071 921 3138 Dic
943 3073 983 3141 de

43 3189 229 3272 secundo,
269 3190 334 3254 utri
370 3188 504 3256 fuerunt
540 3189 706 3258 victores?
757 3191 794 3260 P.
826 3161 979 3262 Romtni.

42 3307 92 3375 R.
115 3296 171 3374 An
187 3303 261 3370 item
280 3304 319 3370 ab
338 3303 434 3370 initio
452 3303 594 3372 victores
612 3299 770 3370 fuerunt?
814 3305 852 3373 P.
876 3302 982 3370 Mini-

40 3421 117 3492 me!
147 3435 285 3506 quatuor
310 3421 461 3502 deinceps
485 3419 605 3504 pugnis
633 3423 711 3490 victi
738 3437 816 3489 sunt
833 3421 873 3489 sb
894 3419 983 3488 Han·

43 3537 184 3617 nibalc,
202 3535 242 3601 ad
258 3533 433 3618 Ticinum,
458 3533 630 3615 Trebiam,
652 3533 931 3621 Thrasymeoum,
950 3555 984 3610 rt

44 3653 196 3724 Cannas.
240 3649 284 3719 R.
304 3651 357 3718 An
375 3668 506 3718 caussas
523 3651 663 3717 narravit
687 3652 859 3736 magistra,
884 3673 982 3737 quare

46 3776 134 3846 victi
153 3775 221 3842 sint
247 3773 412 3843 Romanii
444 3775 484 3842 P.
507 3773 587 3842 Nou
608 3775 664 3842 illa
681 3794 837 3863 caussas,
861 3781 919 3848 sed
935 3779 983 3848 fa·

47 3909 130 3976 cta,
153 3893 305 3962 ornavit.
349 3891 394 3959 R.
416 3891 566 3962 Fortasse
583 3894 654 3977 ipse
674 3908 731 3964 tut
756 3882 874 3980 sponte
890 3897 984 3962 inter.

480 4007 546 4097 Qu
572 4027 594 4092 4
946 4007 988 4072 u.
