2418 4718
280 355 345 425 ³⁹4
459 327 714 403 PRAEFATIO
738 349 786 400 ax
806 325 1032 404 EDITIONE

274 521 331 592 hie
362 533 496 599 noster,
526 518 583 584 sed
611 514 758 584 Nestorii
782 517 868 582 filius
897 514 1109 600 significatur.
1147 519 1176 586 it

274 636 340 702 lroc
374 633 647 714 Philosophorum
672 632 789 700 ultimo
814 647 975 714 proventu
1007 634 1177 718 Simplicius

272 751 444 828 doctrino,
467 737 610 826 ratione,
633 745 728 840 animi
755 746 929 828 sensibus,
953 749 1056 832 magis
1074 751 1111 815 cd
1130 755 1177 818 Vo·
1200 761 1201 764 ’

142 895 147 912 ι
272 878 397 943 terum,
428 863 461 926 in
485 859 597 943 primis
623 841 789 944 Longini,
818 878 914 944 quam
941 864 1121 946 aequalium
1143 863 1179 928 sl·

271 975 481 1042 militudinem
505 975 640 1040 accedit.
1202 967 1203 980 ¹

308 1088 776 1176 ,omnimodorum
799 1108 893 1172 quern
928 1089 971 1157 alr
1007 1091 1079 1158 aliis
1106 1088 1203 1178 ejus-³

267 1207 337 1274 dem
365 1205 508 1273 nominis
530 1204 750 1286 scriptoribus
764 1221 847 1272 recte
863 1205 1011 1290 distinxit
1035 1203 1079 1275 L.
1102 1199 1204 1294 nusi

232 1369 237 1386 .
266 1341 415 1392 nunus
432 1324 471 1387 ad
485 1321 614 1388 Suidam
633 1307 719 1390 voc.
743 1317 1008 1406 Ὀλυμπιόδωρος,
1031 1325 1065 1389 in
1085 1325 1181 1393 Con·

266 1448 423 1513 mentatio
447 1444 482 1512 in
508 1442 655 1512 Platonis
680 1443 903 1528 Phaedonem,
926 1444 1007 1510 haud
1037 1431 1205 1514 contem-³

266 1565 368 1631 nenda
399 1559 495 1629 nobis
521 1559 659 1628 servavit
692 1575 838 1642 exempta
867 1559 1052 1627 Plutarehea
1076 1557 1185 1649 Hypo·

261 1689 482 1755 νννιινιιιιιιινιι,
523 1691 560 1738 ut
592 1673 742 1755 uidetur,
768 1675 806 1738 ln
839 1673 1055 1754 Phaedonem.
1106 1675 1206 1740 Duo¹

261 1805 343 1859 aunt
384 1791 514 1874 Capito.
564 1787 842 1868 Alterumhtbet
878 1789 959 1870 itanc
1004 1789 1184 1876 inscriptio·

260 1925 352 1974 nem:
393 1907 572 1992 cromam
607 1911 660 1975 roi
694 1908 729 1975 ire
756 1909 816 1975 rell·
847 1907 1048 1990 drapetlrtuv
1077 1907 1207 1990 meuc*

260 2024 409 2092 continet
444 2019 660 2109 Quaestiones
690 2039 776 2100 aro,
803 2037 862 2086 nec
898 2039 950 2086 eas
986 2035 1113 2089 tantum
1146 2021 1181 2088 da

262 2137 523 2202 Reminiscerrtt't'r
559 2150 598 2201 ut
634 2135 805 2220 inscriptio
838 2136 1035 2222 profitetur,
1064 2143 1120 2209 sed
1147 2139 1208 2206 de'

258 2255 331 2320 eliis
375 2253 471 2320 etiam
508 2253 541 2320 in
570 2252 745 2321 Phaedone
784 2253 922 2338 proditis
962 2257 1180 2342 argumentis:

257 2371 493 2457 Quaestiones·
511 2371 584 2436 inde
613 2368 818 2454 trigesima
843 2373 983 2438 secunda
1012 2374 1053 2437 ad
1087 2373 1185 2454 quln-

258 2489 475 2572 qutgcsimam
506 2487 674 2569 septimam
710 2501 787 2552 sunt
821 2486 1010 2568 Plutarchi,
1036 2501 1067 2552 et
1098 2489 1185 2554 titu-

213 2601 216 2611 '
254 2605 321 2670 lum
341 2603 457 2668 habeut
474 2603 532 2674 'Ee
551 2611 609 2673 crit
633 2605 824 2686 xatpnrlner
841 2603 920 2686 hos,
942 2603 1061 2670 omissa
1075 2619 1182 2671 tamea

255 2723 392 2801 ultima,
418 2721 516 2790 edidit
547 2740 575 2808 J.
598 2739 639 2790 n.
662 2738 918 2788 rannrcrus
943 2719 1179 2790 Bibl.‘Graec.

250 2845 323 2914 vol.
339 2862 404 2910 xri.
433 2861 468 2924 p.
488 2841 566 2924 265.
618 2843 761 2909 Alterum
792 2839 983 2908 inscribitur
1003 2847 1181 2925 ἐιιχειρψ

249 2966 358 3046 μάτιιν
385 2961 531 3045 διαφόρων
562 2961 758 3040 Συννγιιγῒι,
788 2957 959 3028 δεικνύντων
993 2959 1180 3038 &ruptione

247 3078 324 3150 εἶναι
341 3081 398 3154 τὰς
426 3077 596 3160 μαθήσεις,
618 3077 654 3170 itt
675 3081 736 3142 triu
752 3078 806 3142 atii
831 3074 998 3156 Χαιρωνέως
1017 3077 1181 3166 Πλουτᾷιι

244 3211 326 3280 χιιι
361 3191 506 3257 continet
539 3187 757 3276 Quaestioucs
786 3201 850 3272 255
881 3187 921 3252 de
946 3187 1176 3272 compluribus

245 3309 327 3382 locis
362 3304 566 3386 Plrncdonis‚
599 3303 708 3370 harum
738 3303 908 3369 duodecim
941 3303 1068 3387 priores
1098 3319 1176 3372 suot

242 3421 283 3514 de
306 3422 575 3488 Ramirn'scentt'ac
604 3388 791 3504 argumento
816 3437 853 3486 ex
875 3417 1065 3486 Plutarcho.
1110 3417 1178 3486 To-

243 3554 312 3606 turn
342 3543 403 3608 hoc
430 3539 464 3607 in
487 3538 685 3620 Fragmentis
705 3537 890 3620 prodemus.
938 3534 942 3542 '

287 3641 471 3737 Hucusque
500 3653 655 3740 pertinuit
673 3653 788 3718 veteris
810 3651 1079 3738 elegantiorisquc
1096 3651 1178 3717 doc·

241 3768 342 3842 trinae
366 3785 566 3853 proventus:
593 3769 650 3853 qui
674 3769 826 3853 paulatim
850 3767 973 3832 exaruit
991 3765 1173 3849 Justiniani

239 3886 373 3972 imperio
406 3906 442 3954 ac
474 3889 639 3970 deinceps.
695 3883 758 3949 ilic
786 3881 1016 3947 Atheniensem
1053 3883 1178 3947 clausit

240 4007 385 4102 scholium
422 4003 457 4074 itt
490 4023 553 4088 qua
585 4005 757 4114 docuerant
790 3997 986 4070 Plutarchus
1023 3995 1182 4176 Nestoaii
