2508 4712
174 255 178 266 '
219 285 355 366 vata
385 285 432 358 m
469 283 814 364 RUflNtttttttl.
921 298 995 386 aar
1035 255 1039 262 ’

65 478 121 566 bic
151 478 291 552 omnino
317 457 526 544 reimationir
559 487 592 541 et
617 471 682 565 iere
705 471 852 546 diurnam
881 474 993 552 hilari·

59 609 159 664 tatem
192 587 602 714 nocturnaNlucubratione
625 590 869 672 compensabat.
919 596 989 683 Jam

65 711 146 780 baec
185 709 292 777 omnia
321 705 361 774 ad
395 703 585 788 strictiorem
617 719 706 776 erant
731 705 900 792 redigenda
926 729 993 778 mo·
1048 711 1052 718 '
1107 775 1110 790 ,

69 809 174 907 dum,
199 817 240 890 ad
262 822 374 890 uxoria
388 837 526 889 amorem
542 834 576 888 et
591 819 636 886 eei
650 821 817 888 familiaria
834 841 930 892 unum
944 845 997 892 ao-

68 938 318 1010 commodandaa
360 935 432 1022 Jam
454 951 533 1002 auae
558 933 679 1017 cuique
701 935 834 1020 negotio
859 951 999 1008 statutae

68 1057 231 1124 dabantur
254 1054 368 1120 horrea
391 1049 508 1118 atomis
527 1047 701 1116 manatinae
725 1062 758 1116 et
782 1051 995 1136 vespertinam

71 1171 209 1258 Surgere
226 1187 337 1250 manea
360 1168 439 1235 duaa
466 1165 654 1250 plerumque
675 1162 771 1232 borea
788 1165 909 1234 Litcria
926 1179 999 1234 atu.

69 1289 164 1356 dere:
187 1301 256 1354 tum
273 1287 354 1353 duaa
371 1285 425 1352 uti
443 1297 509 1348 tres
527 1280 681 1348 habendis
699 1281 823 1348 scholia
840 1285 998 1368 transige-¹

68 1408 123 1470 re'e
148 1401 232 1472 iuter
254 1401 312 1468 has
339 1401 392 1468 vei
418 1398 517 1466 domo
537 1398 643 1479 exire,
673 1397 723 1464 vei
751 1396 883 1478 quidvis
909 1393 1011 1468 aliud*

71 1518 161 1588 domi
187 1534 294 1603 agerer
325 1533 445 1600 putto,
465 1489 651 1598 manderet
682 1513 757 1580 inde
786 1527 843 1580 aut
866 1513 936 1598 ipse
958 1515 1002 1592 ad·

74 1634 198 1702 amicos
222 1631 396 1714 ventitare,
428 1643 484 1698 aut
508 1629 556 1696 illi
581 1629 621 1696 ad
651 1629 779 1712 ipsum:
813 1630 996 1699 ambulatet

76 1750 141 1818 aub
166 1767 328 1832 vesperam
345 1747 478 1816 domum
505 1746 623 1813 redire:
647 1747 757 1815 horam
784 1745 853 1815 fere
877 1747 1000 1817 Literia

79 1868 171 1952 daret
188 1883 320 1933 coenare
336 1881 411 1931 cum
428 1879 527 1929 uxore
543 1875 574 1928 et
589 1861 722 1930 tiberiae
741 1863 914 1930 dormitum
933 1864 1003 1931 abi·

76 1997 125 2047 re.
148 1977 231 2046 Trea
248 1994 353 2046 tamen
372 1993 429 2060 per
445 1973 671 2042 hebdomadem
687 1975 790 2044 dicei
808 1977 933 2047 scholia
948 1997 1004 2046 aa·
1139 2035 1144 2043 .

75 2093 191 2176 eabae,
208 2103 386 2175 eorumque
399 2109 499 2158 unum
516 2091 582 2160 iere
598 2093 819 2175 alterumque,
832 2108 870 2160 ut
886 2110 1002 2176 antea,

74 2210 123 2278 ita
145 2223 177 2278 et
198 2223 278 2276 tunc
303 2222 335 2276 et
354 2222 491 2294 noster,
522 2196 684 2276 venatio'ui
711 2207 818 2277 dabat.
862 2207 897 2274 Si
925 2208 1001 2291 quit

73 2321 270 2412 paucitatem
298 2321 546 2406 brevitatemque
570 2321 726 2406 temporis
758 2306 873 2392 studiis
899 2323 1004 2396 relicti

76 2439 224 2524 cogitet,
261 2437 335 2504 item
363 2451 489 2522 reputet
516 2451 714 2524 quantopere
736 2440 769 2508 id
794 2442 1004 2510 imminutum

76 2557 335 2638 distractumque
367 2549 466 2624 fuerit
504 2558 680 2626 multorum
713 2560 902 2628 neceaoitate
926 2577 1005 2627 cunr

79 2673 280 2753 officiorum,
300 2671 563 2738 Academicorum
595 2673 747 2753 quidem,
779 2674 835 2740 sed
861 2674 908 2741 nii
926 2691 1004 2744 tuta

82 2786 288 2856 institutione
306 2801 344 2852 et
375 2783 494 2850 atudiie
517 2802 687 2852 commune
712 2785 920 2866 habentium,
949 2788 1006 2854 ad·

80 2901 290 2973 ventitiorum
311 2915 371 2966 nec
396 2897 461 2967 uiai
475 2898 577 2966 bonas
593 2899 689 2966 boras
711 2899 1006 2982 intercipientium

80 3033 153 3088 tum
188 3015 394 3101 negotiorum
431 3011 610 3092 frequentia
655 3015 1005 3098 extraordinariorum,

81 3134 389 3222 paduanorum,
428 3128 544 3214 parom
583 3129 785 3196 alienoruma
825 3146 893 3196 tum
922 3131 1009 3198 salu·

82 3261 226 3318 catorum
267 3245 467 3326 aliorumque
503 3242 777 3326 interpellatorum
812 3243 1009 3326 importuni·

79 3376 173 3432 tate:
204 3360 280 3426 baec
308 3358 415 3444 igitur
446 3351 475 3425 εἶ
505 3356 580 3438 quia
606 3357 760 3442 cogitet,
792 3354 821 3422 ie
856 3353 1007 3440 profecto

83 3493 155 3546 non
172 3472 323 3554 miretur,
345 3469 575 3538 Ruhnkenium
599 3489 667 3538 non
685 3471 778 3554 pium
795 3470 935 3540 edidisse
949 3475 1008 3544 do·

80 3591 205 3662 cttioae
221 3591 296 3656 auae
317 3601 543 3669 monumenta,
564 3589 621 3656 aed
641 3587 754 3671 potius
778 3588 1009 3666 miretureum

80 3693 148 3779 mitt
181 3706 283 3774 muita
315 3703 477 3790 edidisse,
508 3717 546 3772 ut
574 3721 707 3777 numero
738 3707 852 3793 paucis
880 3725 1013 3780 nostrae

95 3827 102 3844 '
202 3843 208 3851 '
297 3833 302 3840 '
476 3819 478 3827 Α
931 3839 1015 3896 teta·
