2470 4724
218 311 355 400 trra
401 307 445 384 tr.
485 305 821 386 nonnrsrtra
922 339 996 418 ⁵9„
1047 413 1049 421 s

59 517 130 580 nant
152 506 236 575 iocis
264 517 415 576 testatum
445 499 586 584 reliquit.
631 500 747 582 Neque
762 504 868 572 minus
881 503 985 578 Eme.

61 642 147 694 stum
167 623 292 690 amabat
314 617 549 699 manimius,
573 620 707 702 ejusque
716 620 900 698 ‚doctrinam
918 644 981 692 maa

58 743 114 826 gni
130 736 291 817 faciebat,
312 751 345 800 et
368 733 516 815 cupiebat
534 749 630 814 cram,
654 749 690 798 ιιι
708 731 741 800 in
764 735 839 802 aliis
859 735 982 808 Litera.

57 867 132 924 turn
153 851 319 936 partibus,
343 850 386 916 ita
409 851 443 916 in
467 849 582 916 critico
602 850 661 916 ilio
686 865 779 918 acute
796 854 986 939 emendandi

58 969 222 1048 docteque
246 963 427 1031 illustrandi
448 979 599 1044 monere,
621 968 653 1028 et
677 983 746 1030 esse
769 982 920 1051 magnum
948 982 981 1038 et
1048 954 1061 972 ’

56 1084 180 1152 haberi.
224 1082 337 1165 ltaque
356 1081 515 1164 persuasit
531 1080 561 1148 ei
587 1095 622 1146 ot
637 1081 894 1167 Callimachum,
911 1086 981 1172 iam

55 1216 152 1270 antea
176 1199 215 1267 ab
238 1217 277 1268 co
300 1197 434 1281 Lipsiae
452 1199 485 1266 irt
502 1197 642 1265 tironum
662 1218 743 1266 usos
760 1201 907 1286 editum,
931 1221 985 1269 reo

52 1325 227 1400 tractaret,
256 1315 460 1384 uberioribus
481 1314 809 1384 animadversionibus
834 1318 980 1403 locuple.

52 1443 159 1514 taret,
187 1446 306 1514 easque
332 1445 408 1500 cum
434 1427 611 1496 Graeviana
637 1429 777 1499 editione
798 1434 976 1520 conjunge·

53 1561 128 1632 tet,
161 1561 259 1629 quam
287 1545 627 1629 Lugdunibatavororn
662 1561 801 1630 repetere
829 1549 980 1619 institue·

50 1671 132 1740 bant
150 1663 375 1736 Luchtmansii
392 1663 610 1750 bibliopolae;
629 1665 765 1734 offerens
783 1666 814 1733 ei
826 1666 977 1740 codicum

50 1787 251 1869 scriptorum
270 1781 485 1862 collationes,
507 1799 582 1871 atras
598 1780 673 1848 item
695 1781 879 1866 auctiores,
904 1798 978 1854 tuna

47 1917 130 1968 vero
149 1897 406 1979 Hemsterhtrsii,
424 1893 713 1979 Valckenarrrqoe,
735 1898 971 1970 annotationes.

46 1995 217 2087 Emestns
241 2015 381 2096 suscipit
406 2016 487 2082 hanc
505 2013 657 2082 editionis
672 2015 893 2098 provinciana
910 2033 976 2106 neo
1081 2080 1084 2088 .

45 2133 156 2201 inuito
182 2146 261 2214 post
282 2131 382 2197 mittit
407 2131 446 2196 ad
467 2129 695 2199 Ruhnkenirrm
718 2133 849 2202 notitias
873 2149 972 2220 snas,
1010 2211 1015 2225 Ι

45 2259 164 2314 tenues
180 2245 253 2311 illas
271 2247 362 2312 valde
377 2259 408 2310 et
426 2241 544 2324 eriles,
568 2244 624 2310 sed
642 2245 741 2328 satis,
764 2261 801 2314 ut
817 2243 888 2328 ipse
902 2247 977 2332 quio,

45 2367 122 2435 dem
139 2366 295 2452 putabat,
312 2367 350 2434 ad
367 2379 468 2432 novae
482 2363 633 2432 editionis
647 2385 683 2432 ac
700 2369 898 2436 recensionis
912 2386 975 2442 not

44 2499 123 2552 men
149 2482 322 2562 parandum
347 2496 384 2547 ac
408 2481 574 2550 tuendum·
617 2477 813 2552 Ruhnkenio
835 2484 898 2554 ista
913 2503 975 2552 no·

42 2599 188 2665 toiartrm
220 2593 332 2662 levitas
363 2589 579 2679 inexspectata
610 2599 791 2683 accidebat3
824 2602 879 2668 dat
913 2617 968 2674 eas

42 2715 294 2784 Hemstcthusio
313 2713 480 2794 legendas:
510 2713 588 2779 itoic
612 2713 688 2779 item
719 2713 865 2784 videtura
890 2729 970 2798 ergo

45 2831 83 2902 de
102 2831 267 2900 communi
285 2827 441 2895 sententia
457 2843 511 2892 eas
525 2825 667 2893 Ernesto
685 2826 874 2908 remittunt,
895 2847 972 2900 suaa
994 2875 997 2891 .

45 2951 160 3018 dentes
185 2961 244 3026 nt,
273 2943 380 3028 quoad
407 2955 517 3026 posset
544 2941 700 3022 maxime,
729 2957 782 3008 cas
805 2937 972 3014 doctrinas

43 3063 156 3146 copiis
180 3075 330 3147 augeret,
360 3049 575 3144 significantes
598 3055 695 3123 simoi
714 3055 879 3142 copiarum
912 3074 971 3140 pe·

42 3182 212 3248 tendarttrn
238 3173 370 3256 sontes,
395 3187 492 3258 porro
512 3188 679 3244 monentes
702 3185 739 3238 ot
756 3172 776 3238 a
793 3167 968 3240 Valckena-

40 3297 91 3363 rio
111 3295 205 3362 ctiam
224 3311 315 3375 opem
334 3303 471 3376 peteret,
496 3286 649 3371 quornm
667 3285 778 3370 primis
796 3286 835 3354 ad
851 3299 968 3358 ornans

42 3413 82 3482 da
111 3409 287 3496 fragmenta
302 3407 460 3493 egregium
479 3403 707 3473 emendationis
729 3417 760 3470 et
782 3403 970 3488 interpretas

40 3525 145 3593 tionis
169 3538 354 3608 apparatum
382 3523 508 3589 habere.
560 3503 651 3588 Facit
672 3519 847 3592 amotos.
897 3515 964 3588 lto·

44 3643 150 3710 deurit
171 3641 301 3710 notulae
325 3641 422 3722 panio
438 3637 690 3723 locupletiores,
712 3636 895 3720 probabiles
910 3637 965 3724 iu·

42 3759 134 3828 dicio
150 3779 187 3829 ac
205 3761 391 3849 diligentia,
414 3763 468 3830 sed
490 3762 618 3846 ingenio
641 3775 673 3827 et
692 3759 855 3826 doctrinae
873 3759 965 3826 ubet·

42 3885 133 3962 tate,
154 3879 204 3947 nil
225 3878 265 3946 ad
281 3879 393 3946 horum
409 3878 568 3948 ¹rationem
588 3874 849 3950 triumviroruma
870 3875 966 3945 noel

512 3987 538 4060 P
546 4007 569 4077 p
602 4009 623 4062 2
873 3984 974 4056 Vale·
