<?xml version="1.0" encoding="UTF-8"?>
<!DOCTYPE html PUBLIC "-//W3C//DTD XHTML 1.0 Transitional//EN"
    "http://www.w3.org/TR/xhtml1/DTD/xhtml1-transitional.dtd">
<html xmlns="http://www.w3.org/1999/xhtml" xml:lang="en" lang="en">
 <head>
  <title>
</title>
<meta http-equiv="Content-Type" content="text/html;charset=utf-8" />
  <meta name='ocr-system' content='tesseract 3.04.00' />
  <meta name='ocr-capabilities' content='ocr_page ocr_carea ocr_par ocr_line ocrx_word'/>
</head>
<body>
  <div class='ocr_page' id='page_1' title='image "./opusculavariiar01wyttgoog_0603.png"; bbox 0 0 2508 4712; ppageno 0'>
   <div class='ocr_carea' id='block_1_1' title="bbox 253 301 1015 396">
    <p class='ocr_par' dir='ltr' id='par_1_1' title="bbox 253 301 1015 396">
     <span class='ocr_line' id='line_1_1' title="bbox 253 301 1015 396; baseline -0.008 0"><span class='ocrx_word' id='word_1_1' title='bbox 253 319 324 396; x_wconf 74' lang='lat' dir='ltr'>ull·</span> <span class='ocrx_word' id='word_1_2' title='bbox 420 301 560 390; x_wconf 62' lang='lat' dir='ltr'>Vl‘l&#39;d</span> <span class='ocrx_word' id='word_1_3' title='bbox 594 315 639 392; x_wconf 81' lang='lat' dir='ltr'><strong>D.</strong></span> <span class='ocrx_word' id='word_1_4' title='bbox 675 309 1015 392; x_wconf 70' lang='lat' dir='ltr'><strong>RUHNKENII.</strong></span> 
     </span>
    </p>
   </div>
   <div class='ocr_carea' id='block_1_2' title="bbox 168 503 1244 4024">
    <p class='ocr_par' dir='ltr' id='par_1_2' title="bbox 168 503 1244 4024">
     <span class='ocr_line' id='line_1_2' title="bbox 258 503 1200 596; baseline -0.003 -16"><span class='ocrx_word' id='word_1_5' title='bbox 258 508 410 586; x_wconf 78' lang='lat' dir='ltr'>memorie</span> <span class='ocrx_word' id='word_1_6' title='bbox 429 507 592 578; x_wconf 84' lang='lat' dir='ltr'>vlrerunt.</span> <span class='ocrx_word' id='word_1_7' title='bbox 637 503 681 574; x_wconf 87' lang='lat' dir='ltr'>R.</span> <span class='ocrx_word' id='word_1_8' title='bbox 704 505 801 577; x_wconf 85' lang='lat' dir='ltr'>Unde</span> <span class='ocrx_word' id='word_1_9' title='bbox 826 507 929 596; x_wconf 76' lang='lat' dir='ltr'>lgltut</span> <span class='ocrx_word' id='word_1_10' title='bbox 943 509 1055 577; x_wconf 79' lang='lat' dir='ltr'>hemum</span> <span class='ocrx_word' id='word_1_11' title='bbox 1078 520 1200 582; x_wconf 69' lang='lat' dir='ltr'>ren·</span> 
     </span>
     <span class='ocr_line' id='line_1_3' title="bbox 256 620 1199 714; baseline -0.006 -14"><span class='ocrx_word' id='word_1_12' title='bbox 256 627 407 701; x_wconf 83' lang='lat' dir='ltr'>notitiem</span> <span class='ocrx_word' id='word_1_13' title='bbox 435 621 656 714; x_wconf 72' lang='lat' dir='ltr'>receperunti</span> <span class='ocrx_word' id='word_1_14' title='bbox 698 623 733 690; x_wconf 90' lang='lat' dir='ltr'>P.</span> <span class='ocrx_word' id='word_1_15' title='bbox 759 623 812 690; x_wconf 82' lang='lat' dir='ltr'>Ex</span> <span class='ocrx_word' id='word_1_16' title='bbox 840 623 912 692; x_wconf 79' lang='lat' dir='ltr'>eliis</span> <span class='ocrx_word' id='word_1_17' title='bbox 939 620 1033 692; x_wconf 86' lang='lat' dir='ltr'>libris</span> <span class='ocrx_word' id='word_1_18' title='bbox 1058 623 1120 691; x_wconf 82' lang='lat' dir='ltr'>lide</span> <span class='ocrx_word' id='word_1_19' title='bbox 1145 625 1199 694; x_wconf 87' lang='lat' dir='ltr'>di·</span> 
     </span>
     <span class='ocr_line' id='line_1_4' title="bbox 257 735 1198 831; baseline 0 -23"><span class='ocrx_word' id='word_1_20' title='bbox 257 746 343 831; x_wconf 73' lang='lat' dir='ltr'>gnis.</span> <span class='ocrx_word' id='word_1_21' title='bbox 392 739 437 810; x_wconf 94' lang='lat' dir='ltr'><strong>R.</strong></span> <span class='ocrx_word' id='word_1_22' title='bbox 461 737 602 806; x_wconf 85' lang='lat' dir='ltr'>Nostine</span> <span class='ocrx_word' id='word_1_23' title='bbox 616 737 697 804; x_wconf 80' lang='lat' dir='ltr'>cosi</span> <span class='ocrx_word' id='word_1_24' title='bbox 740 735 779 805; x_wconf 92' lang='lat' dir='ltr'><strong>P.</strong></span> <span class='ocrx_word' id='word_1_25' title='bbox 796 735 877 805; x_wconf 84' lang='lat' dir='ltr'>Non</span> <span class='ocrx_word' id='word_1_26' title='bbox 897 740 990 809; x_wconf 83' lang='lat' dir='ltr'>novi.</span> <span class='ocrx_word' id='word_1_27' title='bbox 1035 738 1082 808; x_wconf 90' lang='lat' dir='ltr'><strong>R.</strong></span> <span class='ocrx_word' id='word_1_28' title='bbox 1101 739 1198 827; x_wconf 88' lang='lat' dir='ltr'>Quo·</span> 
     </span>
     <span class='ocr_line' id='line_1_5' title="bbox 258 853 1196 940; baseline -0.004 -12"><span class='ocrx_word' id='word_1_29' title='bbox 258 860 357 928; x_wconf 90' lang='lat' dir='ltr'>modo</span> <span class='ocrx_word' id='word_1_30' title='bbox 376 855 475 940; x_wconf 77' lang='lat' dir='ltr'>igitur</span> <span class='ocrx_word' id='word_1_31' title='bbox 491 869 570 933; x_wconf 87' lang='lat' dir='ltr'>eos,</span> <span class='ocrx_word' id='word_1_32' title='bbox 594 868 683 934; x_wconf 86' lang='lat' dir='ltr'>quos</span> <span class='ocrx_word' id='word_1_33' title='bbox 703 869 771 920; x_wconf 92' lang='lat' dir='ltr'>non</span> <span class='ocrx_word' id='word_1_34' title='bbox 788 853 902 932; x_wconf 86' lang='lat' dir='ltr'>nosti,</span> <span class='ocrx_word' id='word_1_35' title='bbox 923 855 1022 922; x_wconf 76' lang='lat' dir='ltr'>ruder</span> <span class='ocrx_word' id='word_1_36' title='bbox 1042 855 1196 924; x_wconf 74' lang='lat' dir='ltr'>affirmare</span> 
     </span>
     <span class='ocr_line' id='line_1_6' title="bbox 258 966 1195 1060; baseline -0.001 -19"><span class='ocrx_word' id='word_1_37' title='bbox 258 991 330 1041; x_wconf 88' lang='lat' dir='ltr'>esse</span> <span class='ocrx_word' id='word_1_38' title='bbox 352 969 413 1036; x_wconf 86' lang='lat' dir='ltr'>fide</span> <span class='ocrx_word' id='word_1_39' title='bbox 432 966 577 1051; x_wconf 80' lang='lat' dir='ltr'>dignosi</span> <span class='ocrx_word' id='word_1_40' title='bbox 620 967 658 1034; x_wconf 87' lang='lat' dir='ltr'>P.</span> <span class='ocrx_word' id='word_1_41' title='bbox 679 966 785 1034; x_wconf 88' lang='lat' dir='ltr'>Credo</span> <span class='ocrx_word' id='word_1_42' title='bbox 804 968 984 1053; x_wconf 71' lang='lat' dir='ltr'>magistrae.</span> <span class='ocrx_word' id='word_1_43' title='bbox 1028 968 1076 1038; x_wconf 90' lang='lat' dir='ltr'>R.</span> <span class='ocrx_word' id='word_1_44' title='bbox 1104 971 1195 1060; x_wconf 90' lang='lat' dir='ltr'>Quot</span> 
     </span>
     <span class='ocr_line' id='line_1_7' title="bbox 259 1079 1196 1173; baseline -0.001 -16"><span class='ocrx_word' id='word_1_45' title='bbox 259 1103 363 1158; x_wconf 83' lang='lat' dir='ltr'>tnnos</span> <span class='ocrx_word' id='word_1_46' title='bbox 388 1095 486 1150; x_wconf 84' lang='lat' dir='ltr'>nrtus</span> <span class='ocrx_word' id='word_1_47' title='bbox 512 1080 577 1148; x_wconf 84' lang='lat' dir='ltr'>esi</span> <span class='ocrx_word' id='word_1_48' title='bbox 621 1080 657 1148; x_wconf 88' lang='lat' dir='ltr'>P.</span> <span class='ocrx_word' id='word_1_49' title='bbox 681 1079 888 1166; x_wconf 84' lang='lat' dir='ltr'><strong>Quindecim.</strong></span> <span class='ocrx_word' id='word_1_50' title='bbox 935 1083 979 1152; x_wconf 92' lang='lat' dir='ltr'>R.</span> <span class='ocrx_word' id='word_1_51' title='bbox 998 1083 1110 1152; x_wconf 80' lang='lat' dir='ltr'>Ecce!</span> <span class='ocrx_word' id='word_1_52' title='bbox 1131 1089 1196 1173; x_wconf 83' lang='lat' dir='ltr'>jem</span> 
     </span>
     <span class='ocr_line' id='line_1_8' title="bbox 256 1195 1195 1290; baseline 0.001 -22"><span class='ocrx_word' id='word_1_53' title='bbox 256 1219 360 1290; x_wconf 85' lang='lat' dir='ltr'>prope</span> <span class='ocrx_word' id='word_1_54' title='bbox 376 1197 585 1276; x_wconf 79' lang='lat' dir='ltr'>adolescens,</span> <span class='ocrx_word' id='word_1_55' title='bbox 610 1209 643 1261; x_wconf 91' lang='lat' dir='ltr'>et</span> <span class='ocrx_word' id='word_1_56' title='bbox 664 1195 814 1280; x_wconf 82' lang='lat' dir='ltr'>magistre</span> <span class='ocrx_word' id='word_1_57' title='bbox 836 1210 869 1261; x_wconf 88' lang='lat' dir='ltr'>te</span> <span class='ocrx_word' id='word_1_58' title='bbox 891 1197 998 1266; x_wconf 87' lang='lat' dir='ltr'>rdlruc</span> <span class='ocrx_word' id='word_1_59' title='bbox 1022 1214 1141 1268; x_wconf 83' lang='lat' dir='ltr'>trtctrt</span> <span class='ocrx_word' id='word_1_60' title='bbox 1158 1219 1195 1270; x_wconf 91' lang='lat' dir='ltr'>nt</span> 
     </span>
     <span class='ocr_line' id='line_1_9' title="bbox 258 1309 1195 1402; baseline 0.003 -22"><span class='ocrx_word' id='word_1_61' title='bbox 258 1317 418 1402; x_wconf 85' lang='lat' dir='ltr'>puellum.</span> <span class='ocrx_word' id='word_1_62' title='bbox 450 1311 488 1378; x_wconf 89' lang='lat' dir='ltr'>P.</span> <span class='ocrx_word' id='word_1_63' title='bbox 506 1309 596 1397; x_wconf 87' lang='lat' dir='ltr'>Quid</span> <span class='ocrx_word' id='word_1_64' title='bbox 614 1310 684 1376; x_wconf 80' lang='lat' dir='ltr'>itrl</span> <span class='ocrx_word' id='word_1_65' title='bbox 727 1309 770 1376; x_wconf 87' lang='lat' dir='ltr'><strong>R.</strong></span> <span class='ocrx_word' id='word_1_66' title='bbox 789 1309 878 1398; x_wconf 80' lang='lat' dir='ltr'>Quia</span> <span class='ocrx_word' id='word_1_67' title='bbox 897 1311 984 1394; x_wconf 82' lang='lat' dir='ltr'>tibi,</span> <span class='ocrx_word' id='word_1_68' title='bbox 1007 1318 1195 1399; x_wconf 85' lang='lat' dir='ltr'>utpuello,</span> 
     </span>
     <span class='ocr_line' id='line_1_10' title="bbox 259 1423 1194 1511; baseline -0.001 -14"><span class='ocrx_word' id='word_1_69' title='bbox 259 1430 423 1511; x_wconf 85' lang='lat' dir='ltr'>frbulsm,</span> <span class='ocrx_word' id='word_1_70' title='bbox 446 1426 491 1492; x_wconf 78' lang='lat' dir='ltr'>ita</span> <span class='ocrx_word' id='word_1_71' title='bbox 508 1423 685 1495; x_wconf 70' lang='lat' dir='ltr'>Historiam</span> <span class='ocrx_word' id='word_1_72' title='bbox 703 1439 828 1494; x_wconf 83' lang='lat' dir='ltr'>nrrrrtt</span> <span class='ocrx_word' id='word_1_73' title='bbox 852 1445 894 1495; x_wconf 83' lang='lat' dir='ltr'>en</span> <span class='ocrx_word' id='word_1_74' title='bbox 917 1445 998 1494; x_wconf 85' lang='lat' dir='ltr'>vero</span> <span class='ocrx_word' id='word_1_75' title='bbox 1013 1443 1105 1509; x_wconf 76' lang='lat' dir='ltr'>ptus</span> <span class='ocrx_word' id='word_1_76' title='bbox 1124 1429 1194 1496; x_wconf 85' lang='lat' dir='ltr'>Hi·</span> 
     </span>
     <span class='ocr_line' id='line_1_11' title="bbox 257 1539 1192 1624; baseline -0.002 -10"><span class='ocrx_word' id='word_1_77' title='bbox 257 1545 418 1624; x_wconf 84' lang='lat' dir='ltr'>storlrm,</span> <span class='ocrx_word' id='word_1_78' title='bbox 442 1557 537 1624; x_wconf 87' lang='lat' dir='ltr'>qurm</span> <span class='ocrx_word' id='word_1_79' title='bbox 556 1539 610 1604; x_wconf 79' lang='lat' dir='ltr'>ills</span> <span class='ocrx_word' id='word_1_80' title='bbox 631 1552 662 1604; x_wconf 88' lang='lat' dir='ltr'>te</span> <span class='ocrx_word' id='word_1_81' title='bbox 683 1539 800 1619; x_wconf 90' lang='lat' dir='ltr'>docet,</span> <span class='ocrx_word' id='word_1_82' title='bbox 823 1557 931 1606; x_wconf 77' lang='lat' dir='ltr'>verant</span> <span class='ocrx_word' id='word_1_83' title='bbox 954 1541 1043 1608; x_wconf 74' lang='lat' dir='ltr'>essct</span> <span class='ocrx_word' id='word_1_84' title='bbox 1063 1556 1120 1610; x_wconf 83' lang='lat' dir='ltr'>ent</span> <span class='ocrx_word' id='word_1_85' title='bbox 1139 1545 1192 1612; x_wconf 89' lang='lat' dir='ltr'>nil</span> 
     </span>
     <span class='ocr_line' id='line_1_12' title="bbox 258 1651 1244 1737; baseline 0.001 -10"><span class='ocrx_word' id='word_1_86' title='bbox 258 1673 317 1727; x_wconf 85' lang='lat' dir='ltr'>tur</span> <span class='ocrx_word' id='word_1_87' title='bbox 341 1657 460 1737; x_wconf 81' lang='lat' dir='ltr'>refert,</span> <span class='ocrx_word' id='word_1_88' title='bbox 476 1653 587 1722; x_wconf 74' lang='lat' dir='ltr'>fabule</span> <span class='ocrx_word' id='word_1_89' title='bbox 605 1651 666 1720; x_wconf 87' lang='lat' dir='ltr'>tibi</span> <span class='ocrx_word' id='word_1_90' title='bbox 682 1671 743 1736; x_wconf 89' lang='lat' dir='ltr'>pto</span> <span class='ocrx_word' id='word_1_91' title='bbox 759 1671 835 1722; x_wconf 84' lang='lat' dir='ltr'>vero</span> <span class='ocrx_word' id='word_1_92' title='bbox 853 1655 986 1728; x_wconf 78' lang='lat' dir='ltr'>narmi.</span> <span class='ocrx_word' id='word_1_93' title='bbox 1031 1655 1068 1726; x_wconf 89' lang='lat' dir='ltr'><strong>P.</strong></span> <span class='ocrx_word' id='word_1_94' title='bbox 1083 1658 1192 1728; x_wconf 90' lang='lat' dir='ltr'>lmmo</span> <span class='ocrx_word' id='word_1_95' title='bbox 1243 1671 1244 1680; x_wconf 56' lang='lat'>¹</span> 
     </span>
     <span class='ocr_line' id='line_1_13' title="bbox 227 1767 1196 1864; baseline -0.002 -20"><span class='ocrx_word' id='word_1_96' title='bbox 227 1777 401 1864; x_wconf 53' lang='lat' dir='ltr'>‚multum</span> <span class='ocrx_word' id='word_1_97' title='bbox 434 1789 503 1838; x_wconf 89' lang='lat' dir='ltr'>mer</span> <span class='ocrx_word' id='word_1_98' title='bbox 534 1767 648 1836; x_wconf 82' lang='lat' dir='ltr'>refertr</span> <span class='ocrx_word' id='word_1_99' title='bbox 681 1769 738 1836; x_wconf 86' lang='lat' dir='ltr'>sed</span> <span class='ocrx_word' id='word_1_100' title='bbox 769 1769 840 1836; x_wconf 85' lang='lat' dir='ltr'>scio</span> <span class='ocrx_word' id='word_1_101' title='bbox 867 1774 1073 1841; x_wconf 77' lang='lat' dir='ltr'>vertumnis</span> <span class='ocrx_word' id='word_1_102' title='bbox 1103 1793 1196 1859; x_wconf 87' lang='lat' dir='ltr'>esse,</span> 
     </span>
     <span class='ocr_line' id='line_1_14' title="bbox 261 1881 1195 1976; baseline 0.002 -19"><span class='ocrx_word' id='word_1_103' title='bbox 261 1907 344 1976; x_wconf 80' lang='lat' dir='ltr'>quse</span> <span class='ocrx_word' id='word_1_104' title='bbox 366 1887 406 1955; x_wconf 89' lang='lat' dir='ltr'>rb</span> <span class='ocrx_word' id='word_1_105' title='bbox 427 1886 483 1954; x_wconf 85' lang='lat' dir='ltr'>ille</span> <span class='ocrx_word' id='word_1_106' title='bbox 508 1885 673 1953; x_wconf 87' lang='lat' dir='ltr'>docemur.</span> <span class='ocrx_word' id='word_1_107' title='bbox 718 1881 763 1954; x_wconf 90' lang='lat' dir='ltr'>R.</span> <span class='ocrx_word' id='word_1_108' title='bbox 793 1883 829 1949; x_wconf 88' lang='lat' dir='ltr'>Si</span> <span class='ocrx_word' id='word_1_109' title='bbox 858 1884 921 1951; x_wconf 90' lang='lat' dir='ltr'>ltnc</span> <span class='ocrx_word' id='word_1_110' title='bbox 947 1886 1037 1967; x_wconf 88' lang='lat' dir='ltr'>stis,</span> <span class='ocrx_word' id='word_1_111' title='bbox 1060 1907 1195 1960; x_wconf 84' lang='lat' dir='ltr'>necesse</span> 
     </span>
     <span class='ocr_line' id='line_1_15' title="bbox 259 1999 1198 2080; baseline -0.007 -9"><span class='ocrx_word' id='word_1_112' title='bbox 259 2017 365 2076; x_wconf 83' lang='lat' dir='ltr'>estre</span> <span class='ocrx_word' id='word_1_113' title='bbox 391 1999 476 2068; x_wconf 90' lang='lat' dir='ltr'>sclre</span> <span class='ocrx_word' id='word_1_114' title='bbox 496 1999 674 2078; x_wconf 82' lang='lat' dir='ltr'>rationem,</span> <span class='ocrx_word' id='word_1_115' title='bbox 698 2015 761 2080; x_wconf 85' lang='lat' dir='ltr'>qur</span> <span class='ocrx_word' id='word_1_116' title='bbox 781 2015 889 2064; x_wconf 85' lang='lat' dir='ltr'>rernm</span> <span class='ocrx_word' id='word_1_117' title='bbox 916 2000 936 2067; x_wconf 82' lang='lat' dir='ltr'>l</span> <span class='ocrx_word' id='word_1_118' title='bbox 962 2000 1046 2068; x_wconf 79' lang='lat' dir='ltr'>falso</span> <span class='ocrx_word' id='word_1_119' title='bbox 1073 2004 1198 2071; x_wconf 84' lang='lat' dir='ltr'>discet.</span> 
     </span>
     <span class='ocr_line' id='line_1_16' title="bbox 260 2111 1196 2210; baseline -0.011 -22"><span class='ocrx_word' id='word_1_120' title='bbox 260 2139 333 2190; x_wconf 81' lang='lat' dir='ltr'>nes.</span> <span class='ocrx_word' id='word_1_121' title='bbox 376 2117 415 2188; x_wconf 90' lang='lat' dir='ltr'>P.</span> <span class='ocrx_word' id='word_1_122' title='bbox 437 2113 517 2182; x_wconf 90' lang='lat' dir='ltr'>Non</span> <span class='ocrx_word' id='word_1_123' title='bbox 540 2113 612 2180; x_wconf 87' lang='lat' dir='ltr'>scio</span> <span class='ocrx_word' id='word_1_124' title='bbox 634 2112 715 2180; x_wconf 82' lang='lat' dir='ltr'>hanc</span> <span class='ocrx_word' id='word_1_125' title='bbox 735 2111 910 2195; x_wconf 76' lang='lat' dir='ltr'>rationem,</span> <span class='ocrx_word' id='word_1_126' title='bbox 934 2117 991 2210; x_wconf 65' lang='lat' dir='ltr'>red</span> <span class='ocrx_word' id='word_1_127' title='bbox 1012 2119 1105 2182; x_wconf 85' lang='lat' dir='ltr'>eredo</span> <span class='ocrx_word' id='word_1_128' title='bbox 1124 2137 1196 2186; x_wconf 82' lang='lat' dir='ltr'>mr.</span> 
     </span>
     <span class='ocr_line' id='line_1_17' title="bbox 260 2225 1197 2320; baseline 0.002 -20"><span class='ocrx_word' id='word_1_129' title='bbox 260 2237 401 2320; x_wconf 70' lang='lat' dir='ltr'>guttae,</span> <span class='ocrx_word' id='word_1_130' title='bbox 415 2225 502 2314; x_wconf 84' lang='lat' dir='ltr'>&#39;quia</span> <span class='ocrx_word' id='word_1_131' title='bbox 526 2229 621 2295; x_wconf 88' lang='lat' dir='ltr'>doctr</span> <span class='ocrx_word' id='word_1_132' title='bbox 646 2241 679 2304; x_wconf 86' lang='lat' dir='ltr'>et</span> <span class='ocrx_word' id='word_1_133' title='bbox 703 2227 839 2296; x_wconf 83' lang='lat' dir='ltr'>veridice</span> <span class='ocrx_word' id='word_1_134' title='bbox 859 2244 922 2296; x_wconf 86' lang='lat' dir='ltr'>ert.</span> <span class='ocrx_word' id='word_1_135' title='bbox 968 2229 1011 2298; x_wconf 94' lang='lat' dir='ltr'>R.</span> <span class='ocrx_word' id='word_1_136' title='bbox 1033 2230 1135 2300; x_wconf 88' lang='lat' dir='ltr'>Vides</span> <span class='ocrx_word' id='word_1_137' title='bbox 1163 2251 1197 2302; x_wconf 91' lang='lat' dir='ltr'>te</span> 
     </span>
     <span class='ocr_line' id='line_1_18' title="bbox 262 2335 1195 2430; baseline 0.005 -18"><span class='ocrx_word' id='word_1_138' title='bbox 262 2346 325 2412; x_wconf 88' lang='lat' dir='ltr'>ribi</span> <span class='ocrx_word' id='word_1_139' title='bbox 347 2362 415 2411; x_wconf 91' lang='lat' dir='ltr'>non</span> <span class='ocrx_word' id='word_1_140' title='bbox 435 2335 606 2423; x_wconf 69' lang='lat' dir='ltr'>con‘strre,</span> <span class='ocrx_word' id='word_1_141' title='bbox 630 2343 728 2409; x_wconf 88' lang='lat' dir='ltr'>modo</span> <span class='ocrx_word' id='word_1_142' title='bbox 745 2343 832 2424; x_wconf 90' lang='lat' dir='ltr'>scis,</span> <span class='ocrx_word' id='word_1_143' title='bbox 856 2347 955 2412; x_wconf 89' lang='lat' dir='ltr'>modo</span> <span class='ocrx_word' id='word_1_144' title='bbox 974 2349 1104 2430; x_wconf 88' lang='lat' dir='ltr'>nescis,</span> <span class='ocrx_word' id='word_1_145' title='bbox 1127 2369 1195 2417; x_wconf 88' lang='lat' dir='ltr'>mo.</span> 
     </span>
     <span class='ocr_line' id='line_1_19' title="bbox 260 2455 1243 2547; baseline 0.005 -20"><span class='ocrx_word' id='word_1_146' title='bbox 260 2461 304 2527; x_wconf 90' lang='lat' dir='ltr'>do</span> <span class='ocrx_word' id='word_1_147' title='bbox 320 2457 436 2526; x_wconf 86' lang='lat' dir='ltr'>credis.</span> <span class='ocrx_word' id='word_1_148' title='bbox 480 2455 518 2525; x_wconf 90' lang='lat' dir='ltr'>P.</span> <span class='ocrx_word' id='word_1_149' title='bbox 535 2456 615 2524; x_wconf 90' lang='lat' dir='ltr'>Non</span> <span class='ocrx_word' id='word_1_150' title='bbox 632 2475 767 2537; x_wconf 85' lang='lat' dir='ltr'>possum</span> <span class='ocrx_word' id='word_1_151' title='bbox 789 2459 848 2524; x_wconf 87' lang='lat' dir='ltr'>tibi</span> <span class='ocrx_word' id='word_1_152' title='bbox 862 2474 927 2528; x_wconf 81' lang='lat' dir='ltr'>tem</span> <span class='ocrx_word' id='word_1_153' title='bbox 945 2459 1042 2530; x_wconf 80' lang='lat' dir='ltr'>facile</span> <span class='ocrx_word' id='word_1_154' title='bbox 1062 2481 1194 2547; x_wconf 84' lang='lat' dir='ltr'>respon·</span> <span class='ocrx_word' id='word_1_155' title='bbox 1242 2471 1243 2512; x_wconf 73' lang='lat' dir='ltr'>l</span> 
     </span>
     <span class='ocr_line' id='line_1_20' title="bbox 168 2567 1193 2660; baseline 0.005 -18"><span class='ocrx_word' id='word_1_156' title='bbox 168 2593 173 2604; x_wconf 56' lang='lat'>⁸</span> <span class='ocrx_word' id='word_1_157' title='bbox 259 2577 334 2642; x_wconf 88' lang='lat' dir='ltr'>dere</span> <span class='ocrx_word' id='word_1_158' title='bbox 355 2588 392 2638; x_wconf 85' lang='lat' dir='ltr'>ec</span> <span class='ocrx_word' id='word_1_159' title='bbox 418 2567 609 2654; x_wconf 76' lang='lat' dir='ltr'>magistrae3</span> <span class='ocrx_word' id='word_1_160' title='bbox 642 2569 719 2640; x_wconf 83' lang='lat' dir='ltr'>haec</span> <span class='ocrx_word' id='word_1_161' title='bbox 743 2571 849 2655; x_wconf 90' lang='lat' dir='ltr'>enlm,</span> <span class='ocrx_word' id='word_1_162' title='bbox 864 2575 982 2642; x_wconf 79' lang='lat' dir='ltr'>nescio</span> <span class='ocrx_word' id='word_1_163' title='bbox 1002 2583 1193 2660; x_wconf 87' lang='lat' dir='ltr'>quomodo,</span> 
     </span>
     <span class='ocr_line' id='line_1_21' title="bbox 259 2671 1243 2773; baseline 0.003 -11"><span class='ocrx_word' id='word_1_164' title='bbox 259 2689 390 2762; x_wconf 78' lang='lat' dir='ltr'>lucilius</span> <span class='ocrx_word' id='word_1_165' title='bbox 417 2687 603 2769; x_wconf 81' lang='lat' dir='ltr'>interroget.</span> <span class='ocrx_word' id='word_1_166' title='bbox 659 2683 703 2754; x_wconf 89' lang='lat' dir='ltr'>R.</span> <span class='ocrx_word' id='word_1_167' title='bbox 726 2685 851 2772; x_wconf 77' lang='lat' dir='ltr'>Igitur,</span> <span class='ocrx_word' id='word_1_168' title='bbox 882 2693 903 2758; x_wconf 86' lang='lat' dir='ltr'>d</span> <span class='ocrx_word' id='word_1_169' title='bbox 929 2691 1037 2773; x_wconf 88' lang='lat' dir='ltr'>bone,</span> <span class='ocrx_word' id='word_1_170' title='bbox 1062 2691 1192 2761; x_wconf 79' lang='lat' dir='ltr'>facium</span> <span class='ocrx_word' id='word_1_171' title='bbox 1242 2671 1243 2766; x_wconf 64' lang='grc' dir='ltr'>Ῑ</span> 
     </span>
     <span class='ocr_line' id='line_1_22' title="bbox 262 2799 1243 2902; baseline 0.001 -26"><span class='ocrx_word' id='word_1_172' title='bbox 262 2820 297 2876; x_wconf 83' lang='lat' dir='ltr'>re</span> <span class='ocrx_word' id='word_1_173' title='bbox 323 2802 550 2886; x_wconf 82' lang='lat' dir='ltr'>interrogrbot</span> <span class='ocrx_word' id='word_1_174' title='bbox 574 2799 723 2868; x_wconf 81' lang='lat' dir='ltr'>Historia</span> <span class='ocrx_word' id='word_1_175' title='bbox 741 2802 821 2884; x_wconf 87' lang='lat' dir='ltr'>quid</span> <span class='ocrx_word' id='word_1_176' title='bbox 837 2804 955 2886; x_wconf 76' lang='lat' dir='ltr'>trudit,</span> <span class='ocrx_word' id='word_1_177' title='bbox 979 2825 1136 2876; x_wconf 87' lang='lat' dir='ltr'>verumne</span> <span class='ocrx_word' id='word_1_178' title='bbox 1155 2829 1193 2876; x_wconf 83' lang='lat' dir='ltr'>an</span> <span class='ocrx_word' id='word_1_179' title='bbox 1242 2819 1243 2902; x_wconf 65' lang='lat' dir='ltr'>l</span> 
     </span>
     <span class='ocr_line' id='line_1_23' title="bbox 261 2913 1195 3000; baseline 0.001 -11"><span class='ocrx_word' id='word_1_180' title='bbox 261 2919 405 2990; x_wconf 71' lang='lat' dir='ltr'>ictum?</span> <span class='ocrx_word' id='word_1_181' title='bbox 450 2917 486 2982; x_wconf 90' lang='lat' dir='ltr'>P.</span> <span class='ocrx_word' id='word_1_182' title='bbox 507 2913 843 3000; x_wconf 70' lang='lat' dir='ltr'>Verum‚‘profectoi</span> <span class='ocrx_word' id='word_1_183' title='bbox 881 2917 925 2987; x_wconf 90' lang='lat' dir='ltr'>R.</span> <span class='ocrx_word' id='word_1_184' title='bbox 948 2919 1131 2988; x_wconf 76' lang='lat' dir='ltr'>Historiam</span> <span class='ocrx_word' id='word_1_185' title='bbox 1149 2943 1195 2990; x_wconf 86' lang='lat' dir='ltr'>et·</span> 
     </span>
     <span class='ocr_line' id='line_1_24' title="bbox 261 3031 1195 3122; baseline 0.002 -20"><span class='ocrx_word' id='word_1_186' title='bbox 261 3053 305 3122; x_wconf 71' lang='lat' dir='ltr'>go</span> <span class='ocrx_word' id='word_1_187' title='bbox 319 3053 360 3100; x_wconf 86' lang='lat' dir='ltr'>sn</span> <span class='ocrx_word' id='word_1_188' title='bbox 386 3031 461 3114; x_wconf 86' lang='lat' dir='ltr'>quis</span> <span class='ocrx_word' id='word_1_189' title='bbox 488 3031 610 3096; x_wconf 81' lang='lat' dir='ltr'>tradere</span> <span class='ocrx_word' id='word_1_190' title='bbox 629 3046 686 3096; x_wconf 85' lang='lat' dir='ltr'>tut</span> <span class='ocrx_word' id='word_1_191' title='bbox 711 3031 982 3116; x_wconf 69' lang='lat' dir='ltr'>reciperentur,</span> <span class='ocrx_word' id='word_1_192' title='bbox 1002 3037 1119 3106; x_wconf 89' lang='lat' dir='ltr'>docere</span> <span class='ocrx_word' id='word_1_193' title='bbox 1138 3053 1195 3104; x_wconf 81' lang='lat' dir='ltr'>aut</span> 
     </span>
     <span class='ocr_line' id='line_1_25' title="bbox 261 3143 1198 3228; baseline -0.001 -8"><span class='ocrx_word' id='word_1_194' title='bbox 261 3150 407 3226; x_wconf 87' lang='lat' dir='ltr'>discere,</span> <span class='ocrx_word' id='word_1_195' title='bbox 429 3156 560 3228; x_wconf 86' lang='lat' dir='ltr'>potest,</span> <span class='ocrx_word' id='word_1_196' title='bbox 589 3144 646 3226; x_wconf 87' lang='lat' dir='ltr'>qui</span> <span class='ocrx_word' id='word_1_197' title='bbox 665 3161 774 3213; x_wconf 87' lang='lat' dir='ltr'>verum</span> <span class='ocrx_word' id='word_1_198' title='bbox 792 3165 810 3210; x_wconf 85' lang='lat' dir='ltr'>n</span> <span class='ocrx_word' id='word_1_199' title='bbox 829 3143 909 3214; x_wconf 88' lang='lat' dir='ltr'>ficto</span> <span class='ocrx_word' id='word_1_200' title='bbox 933 3147 1108 3216; x_wconf 85' lang='lat' dir='ltr'>diecemete</span> <span class='ocrx_word' id='word_1_201' title='bbox 1137 3171 1198 3218; x_wconf 86' lang='lat' dir='ltr'>ne·</span> 
     </span>
     <span class='ocr_line' id='line_1_26' title="bbox 262 3257 1194 3348; baseline 0.002 -17"><span class='ocrx_word' id='word_1_202' title='bbox 262 3261 358 3348; x_wconf 82' lang='lat' dir='ltr'>qniti</span> <span class='ocrx_word' id='word_1_203' title='bbox 401 3259 438 3326; x_wconf 95' lang='lat' dir='ltr'><strong>P.</strong></span> <span class='ocrx_word' id='word_1_204' title='bbox 465 3258 599 3327; x_wconf 85' lang='lat' dir='ltr'>Nescio.</span> <span class='ocrx_word' id='word_1_205' title='bbox 645 3257 689 3328; x_wconf 94' lang='lat' dir='ltr'><strong>R.</strong></span> <span class='ocrx_word' id='word_1_206' title='bbox 716 3257 862 3328; x_wconf 73' lang='lat' dir='ltr'>Nescis?</span> <span class='ocrx_word' id='word_1_207' title='bbox 887 3281 927 3328; x_wconf 85' lang='lat' dir='ltr'>tn</span> <span class='ocrx_word' id='word_1_208' title='bbox 955 3263 1030 3330; x_wconf 90' lang='lat' dir='ltr'>item</span> <span class='ocrx_word' id='word_1_209' title='bbox 1057 3267 1194 3348; x_wconf 81' lang='lat' dir='ltr'>nescis,</span> 
     </span>
     <span class='ocr_line' id='line_1_27' title="bbox 260 3373 1193 3457; baseline 0.001 -9"><span class='ocrx_word' id='word_1_210' title='bbox 260 3397 303 3448; x_wconf 81' lang='lat' dir='ltr'>en</span> <span class='ocrx_word' id='word_1_211' title='bbox 333 3375 479 3442; x_wconf 70' lang='lat' dir='ltr'>Historia</span> <span class='ocrx_word' id='word_1_212' title='bbox 514 3373 652 3457; x_wconf 84' lang='lat' dir='ltr'>rllcujus</span> <span class='ocrx_word' id='word_1_213' title='bbox 684 3373 835 3444; x_wconf 79' lang='lat' dir='ltr'>utilitatis</span> <span class='ocrx_word' id='word_1_214' title='bbox 870 3395 986 3446; x_wconf 86' lang='lat' dir='ltr'>crussr</span> <span class='ocrx_word' id='word_1_215' title='bbox 1022 3381 1193 3450; x_wconf 68' lang='lat' dir='ltr'>discatur?</span> 
     </span>
     <span class='ocr_line' id='line_1_28' title="bbox 258 3487 1196 3576; baseline 0.004 -14"><span class='ocrx_word' id='word_1_216' title='bbox 258 3493 297 3566; x_wconf 87' lang='lat' dir='ltr'><strong>P.</strong></span> <span class='ocrx_word' id='word_1_217' title='bbox 322 3494 368 3564; x_wconf 84' lang='lat' dir='ltr'>Et</span> <span class='ocrx_word' id='word_1_218' title='bbox 395 3505 525 3576; x_wconf 83' lang='lat' dir='ltr'>mrgnse</span> <span class='ocrx_word' id='word_1_219' title='bbox 559 3487 707 3570; x_wconf 89' lang='lat' dir='ltr'>quidem,</span> <span class='ocrx_word' id='word_1_220' title='bbox 737 3490 879 3576; x_wconf 86' lang='lat' dir='ltr'>opinor,</span> <span class='ocrx_word' id='word_1_221' title='bbox 903 3495 1058 3562; x_wconf 74' lang='lat' dir='ltr'>utilitatis</span> <span class='ocrx_word' id='word_1_222' title='bbox 1078 3513 1196 3566; x_wconf 81' lang='lat' dir='ltr'>crussr</span> 
     </span>
     <span class='ocr_line' id='line_1_29' title="bbox 263 3602 1242 3700; baseline 0.002 -24"><span class='ocrx_word' id='word_1_223' title='bbox 263 3609 414 3676; x_wconf 86' lang='lat' dir='ltr'>discitur.</span> <span class='ocrx_word' id='word_1_224' title='bbox 458 3603 503 3673; x_wconf 92' lang='lat' dir='ltr'><strong>R.</strong></span> <span class='ocrx_word' id='word_1_225' title='bbox 532 3602 625 3691; x_wconf 88' lang='lat' dir='ltr'>Qure</span> <span class='ocrx_word' id='word_1_226' title='bbox 647 3615 697 3670; x_wconf 86' lang='lat' dir='ltr'>est</span> <span class='ocrx_word' id='word_1_227' title='bbox 720 3603 775 3674; x_wconf 82' lang='lat' dir='ltr'>illa</span> <span class='ocrx_word' id='word_1_228' title='bbox 802 3606 954 3674; x_wconf 80' lang='lat' dir='ltr'>utilitesi</span> <span class='ocrx_word' id='word_1_229' title='bbox 996 3609 1037 3678; x_wconf 88' lang='lat' dir='ltr'><strong>P.</strong></span> <span class='ocrx_word' id='word_1_230' title='bbox 1055 3609 1193 3681; x_wconf 84' lang='lat' dir='ltr'>Nescio.</span> <span class='ocrx_word' id='word_1_231' title='bbox 1241 3693 1242 3700; x_wconf 6' lang='grc' dir='ltr'>ἵ</span> 
     </span>
     <span class='ocr_line' id='line_1_30' title="bbox 260 3719 1242 3807; baseline 0.006 -18"><span class='ocrx_word' id='word_1_232' title='bbox 260 3723 305 3798; x_wconf 82' lang='lat' dir='ltr'><strong>R.</strong></span> <span class='ocrx_word' id='word_1_233' title='bbox 330 3722 451 3789; x_wconf 92' lang='lat' dir='ltr'>Nonne</span> <span class='ocrx_word' id='word_1_234' title='bbox 481 3719 541 3786; x_wconf 88' lang='lat' dir='ltr'>tibi</span> <span class='ocrx_word' id='word_1_235' title='bbox 564 3719 715 3802; x_wconf 80' lang='lat' dir='ltr'>mugistrr</span> <span class='ocrx_word' id='word_1_236' title='bbox 740 3721 903 3803; x_wconf 80' lang='lat' dir='ltr'>ntrrcvit,</span> <span class='ocrx_word' id='word_1_237' title='bbox 933 3726 1109 3807; x_wconf 75' lang='lat' dir='ltr'>multarum</span> <span class='ocrx_word' id='word_1_238' title='bbox 1136 3729 1193 3796; x_wconf 91' lang='lat' dir='ltr'>do·</span> <span class='ocrx_word' id='word_1_239' title='bbox 1241 3721 1242 3724; x_wconf 66' lang='grc'>’</span> 
     </span>
     <span class='ocr_line' id='line_1_31' title="bbox 266 3833 1193 3928; baseline 0.004 -22"><span class='ocrx_word' id='word_1_240' title='bbox 266 3837 439 3912; x_wconf 86' lang='lat' dir='ltr'>etrinrrum</span> <span class='ocrx_word' id='word_1_241' title='bbox 459 3835 665 3908; x_wconf 78' lang='lat' dir='ltr'>fundamenta</span> <span class='ocrx_word' id='word_1_242' title='bbox 684 3833 718 3904; x_wconf 91' lang='lat' dir='ltr'>in</span> <span class='ocrx_word' id='word_1_243' title='bbox 734 3833 832 3906; x_wconf 81' lang='lat' dir='ltr'>factis</span> <span class='ocrx_word' id='word_1_244' title='bbox 862 3838 1030 3914; x_wconf 84' lang='lat' dir='ltr'>historicis</span> <span class='ocrx_word' id='word_1_245' title='bbox 1045 3861 1120 3910; x_wconf 84' lang='lat' dir='ltr'>esse</span> <span class='ocrx_word' id='word_1_246' title='bbox 1134 3863 1193 3928; x_wconf 89' lang='lat' dir='ltr'>po·</span> 
     </span>
     <span class='ocr_line' id='line_1_32' title="bbox 1146 3974 1194 4024; baseline 0 -2"><span class='ocrx_word' id='word_1_247' title='bbox 1146 3974 1194 4024; x_wconf 80' lang='lat' dir='ltr'>rr·</span> 
     </span>
    </p>
   </div>
   <div class='ocr_carea' id='block_1_3' title="bbox 0 0 1258 4712">
    <p class='ocr_par' dir='ltr' id='par_1_3' title="bbox 0 0 1258 4712">
     <span class='ocr_line' id='line_1_33' title="bbox 0 0 1258 4712; baseline 0 0"><span class='ocrx_word' id='word_1_248' title='bbox 0 0 1258 4712; x_wconf 95' lang='lat' dir='ltr'> </span> 
     </span>
    </p>
   </div>
  </div>
 </body>
</html>
