2470 4724
228 365 362 439 vara
397 361 444 432 n.
488 321 843 432 annumerati·
933 367 1013 456 cst,

63 554 97 630 'di
113 553 343 646 judiciumque
370 549 467 620 dotes
494 547 732 627 desideramus,
754 544 876 612 easdem
891 559 999 618 tamen

67 673 237 756 copiarum
251 683 285 737 et
300 681 473 752 apparatus
496 663 634 749 penuria
649 662 815 730 obscurari
830 659 998 728 bbetacta·

65 788 159 868 rique
187 783 356 849 videmus:
379 797 473 861 quam
498 792 578 845 sunt
606 775 654 842 illi
673 775 761 858 viri,
780 789 813 840 et
838 773 1003 856 calquis,

66 918 154 994 que,
176 911 210 964 et
239 895 342 979 magis
362 893 455 960 etiam
484 891 744 972 Hemsterhusil‚
773 889 997 972 valenensem,

64 1009 278 1098 Ruhnkenii,
300 1007 519 1090 similiumque
541 1006 684 1074 virorum
709 1005 893 1074 dissimiles.
939 1005 1000 1078 Ni'sv

69 1128 187 1196 mirum
208 1123 426 1208 interpretatio
444 1136 494 1190 est
513 1140 563 1188 res
582 1139 649 1190 non
673 1121 769 1189 modo
783 1120 998 1204 subtilitatis,

70 1243 129 1310 sed
151 1244 245 1310 etiam
264 1237 464 1308 testimoniis
490 1254 521 1306 et
550 1238 657 1307 omnis
681 1237 846 1323 judicandi
872 1236 1007 1304 subtili.

71 1373 147 1442 tas,
170 1377 251 1426 vana
268 1372 321 1426 est
335 1373 367 1424 et
381 1357 536 1438 fluctuat,
558 1357 622 1424 nlsi
639 1371 799 1440 nmquam
815 1354 1004 1424 fundamen·

71 1486 110 1550 to
129 1473 253 1540 nitatur
269 1469 373 1554 ,copia
399 1468 562 1538 doctrinae
585 1489 696 1554 eaque
706 1486 870 1554 praesente
888 1488 920 1536 st
945 1491 1001 1554 pa·

72 1610 166 1678 rata3
197 1606 236 1658 ut
263 1605 392 1673 testes,
425 1610 562 1672 quorum
590 1591 780 1660 auctoritate
814 1584 1002 1657 sententiam

73 1722 167 1786 tuam
188 1723 350 1789 tamquam
374 1703 547 1790 injudicio
565 1705 709 1791 probes,
729 1708 950 1790 producantur
971 1721 1003 1776 et

75 1821 286 1903 excitentur3
329 1817 451 1902 quippe
479 1819 570 1887 aliter
595 1812 767 1903 probatio,
798 1836 895 1905 atque
929 1821 1006 1890 adeo

73 1917 354 2022 interpretationis
375 1955 492 2004 munus
512 1935 548 2004 ae
568 1935 666 2019 finis,
690 1941 812 2005 exstare
828 1937 922 2006 nollo
938 1955 1006 2006 mos
1045 1925 1048 1932 ¹

71 2057 119 2148 do
149 2069 272 2138 potest.
311 2052 381 2138 Jam
413 2071 507 2135 vero,
536 2052 571 2119 in
593 2051 761 2136 scriptore
782 2053 903 2120 edendo
925 2064 1008 2135 quot

75 2185 160 2242 sunt
177 2169 489 2251 animadversiones,
512 2181 562 2235 tot
588 2182 664 2236 sunt
692 2185 827 2236 caussae
850 2182 881 2235 et
911 2185 1007 2250 quac·

77 2290 235 2370 stiones,
266 2303 402 2369 quarum
426 2287 593 2373 cujusque·
619 2283 768 2370 probatio
794 2284 863 2354 suis
888 2280 953 2351 slbi
979 2297 1010 2352 et
1138 2279 1141 2288 “

76 2403 276 2490 argumentis
293 2417 325 2474 et
349 2403 487 2472 testibus
513 2403 718 2486 continetur;
742 2415 779 2469 ut
804 2403 935 2477 testium
963 2400 1012 2470 fe·

77 2539 110 2588 re
133 2518 361 2592 innumerabili
389 2519 597 2588 multitudine
620 2539 706 2604 opus
724 2519 796 2602 sit,
818 2534 907 2588 tanta
922 2531 1010 2594 certe

78 2652 165 2718 quae
187 2651 255 2700 non
282 2631 347 2700 nisi
368 2631 497 2700 assidua
519 2647 552 2706 etv
574 2633 806 2716 propemodum
824 2631 951 2700 infinita
966 2632 1013 2698 le·

77 2753 192 2822 ctione
208 2749 318 2836 colligi
335 2764 442 2832 queat.
488 2749 578 2837 Quid
593 2748 716 2833 igituti
739 2767 780 2816 an
798 2749 964 2818 Gesnerus
979 2763 1012 2818 et
1067 2759 1074 2772 '

81 2869 243 2938 Emestus
262 2863 419 2947 antiquos
435 2861 615 2946 Scriptores
628 2875 694 2928 non
708 2862 834 2928 assidue
845 2862 1014 2946 legebant?

85 2985 198 3064 Veto,
226 2981 355 3049 assidue
380 2979 546 3064 legebanta
579 2977 635 3045 sed
661 2995 771 3062 parum
796 2979 1013 3063 adnotabant,

84 3097 173 3167 forte
189 3098 322 3167 aliarum
348 3097 599 3182 occupationum
620 3095 828 3163 multitudine
845 3094 1011 3178 impediti:

83 3231 116 3284 et
139 3215 182 3282 ad
201 3217 369 3299 plerasque
391 3215 486 3286 etiam
506 3214 706 3298 Scriptorum
725 3211 883 3280 editiones
897 3209 1016 3282 facien·

85 3335 148 3400 das
166 3329 278 3398 subito
296 3343 329 3398 et
352 3327 498 3413 imparati
516 3327 719 3396 accedebant.
763 3327 808 3394 Et
825 3323 1017 3412 reperiemus

85 3445 179 3530 fere,
202 3445 392 3530 ingenlssqs
416 3445 562 3527 quamvis
577 3465 613 3512 ac
633 3443 753 3512 doctos
770 3442 940 3522 homines,
960 3443 1019 3510 sed

87 3563 124 3632 in
154 3561 338 3630 annotando
363 3575 395 3628 et
421 3559 631 3647 congerendis
646 3559 835 3660 adversariis
855 3559 1018 3647 negligen-

91 3688 171 3757 tes,
194 3673 341 3744 infelices
356 3675 390 3744 in
408 3679 602 3746 emendando
619 3695 690 3746 esse
702 3679 902 3764 conjectores
916 3693 948 3745 et
962 3681 1021 3748 he·

88 3793 194 3860 betes.
237 3791 392 3874 Scilicet,
415 3792 492 3860 baec
510 3791 648 3862 facultas
670 3793 805 3862 maxime
827 3795 1020 3880 procuditur

94 3907 379 3978 cracuiturmulto
393 3923 456 3974 usu
470 3919 502 3972 et
516 3907 1022 3992 linquscconsuetudine,quam

984 4040 1029 4094 ie·
