2348 4716
223 349 424 428 hhssLOS.
451 347 558 426 CUM
577 350 808 428 LITTERIS.
859 381 863 396 ·
949 373 1013 444 rog

83 561 191 618 aarum
210 543 422 628 relinquerc;
446 561 466 609 a
489 542 764 628 contemplatione
786 543 825 612 ad
847 543 1008 618 actionem

82 662 303 750 progredietur,
337 679 381 728 ex
408 659 524 726 umbra
547 660 582 726 in
611 662 713 727 solem
740 659 903 743 prodibit,
929 681 1007 748 ope·

85 779 319 864 annuciabit,
343 793 383 845 ut
401 797 461 846 sua
480 777 566 844 bona
581 795 656 844 cum
682 776 755 844 aliis
774 779 1006 852 communicet.

90 893 157 960 ilat
176 895 243 960 arai
267 893 496 960 observandos
518 891 685 960 hominum
710 912 817 960 mores
840 895 1006 966 actiones·

102 1027 163 1091 qne
177 1011 262 1091 dabit,
284 1007 540 1092 experientiam,
564 1009 777 1077 certissimam
807 1029 913 1078 rerum
939 1029 1006 1080 nrt.

100 1127 220 1210 mn,
236 1141 270 1192 er
287 1127 366 1214 ejus
385 1123 556 1204 vicariam,
569 1124 654 1192 virae
668 1127 793 1209 lucen,
810 1125 1003 1214 historiam,

95 1245 281 1311 manniam
308 1242 470 1326 vocabit,
499 1243 748 1312 conversionum
772 1245 1005 1314 mutationum

85 1379 141 1444 per
160 1375 315 1428 momenta
332 1379 455 1443 nosse,
479 1359 748 1448 ingeniorumque
772 1361 878 1430 uarios
901 1381 1004 1438 rectas

79 1503 134 1552 rus
148 1485 291 1570 indagare
308 1483 478 1565 studebit,
497 1498 534 1549 ut
547 1484 627 1552 sciat
645 1503 710 1568 qua
727 1483 852 1551 ratione
872 1485 1005 1568 quaeris

73 1621 123 1669 rer
145 1603 321 1686 eliciatur,
345 1615 381 1669 et
402 1595 568 1669 hominum
590 1604 689 1670 animi
709 1605 750 1670 ad
776 1622 1006 1688 quamcunque

74 1741 140 1787 nm
163 1722 322 1804 quomodo
351 1719 467 1802 hecti,
490 1721 656 1802 quomodo
675 1741 694 1788 a
716 1719 808 1789 vitiis
834 1723 1004 1806 deterreri,

78 1837 122 1902 ad
142 1836 351 1920 rutmmnque
371 1832 495 1917 impelii
516 1833 661 1899 debeant.
706 1831 794 1900 Tum
819 1851 898 1902 ,uero
919 1834 1005 1902 vide·

79 1953 142 2035 hir,
167 1954 406 2021 subtilissimas
430 1951 501 2017 ilias
528 1949 567 2017 de
602 1949 747 2017 bonnet
769 1951 854 2016 malo
874 1951 1005 2019 demon·

11 2098 13 2147 r
74 2043 234 2135 mannos
272 2068 317 2134 ari
353 2048 624 2158 commovendum
662 2064 864 2149 perexiguam
889 2064 1003 2134 babere

10 2186 11 2205 ¹
74 2189 157 2267 rim,
175 2202 223 2271 ee,
243 2185 405 2272 quamvis
421 2199 564 2268 certam,
589 2179 695 2276 tamen
723 2186 877 2254 nonnisi
902 2186 1001 2254 levis·

8 2397 9 2400 Ἴ
73 2305 196 2388 simam,
217 2321 249 2371 et
272 2320 363 2386 quae
379 2301 521 2368 animum
549 2319 616 2370 non
638 2316 769 2387 tangat,
792 2301 912 2370 efficere
930 2303 1006 2389 per.⁸
1125 2387 1131 2396 Ι

71 2417 270 2500 elusionem
296 2429 413 2483 contra
430 2433 526 2481 omne
542 2431 739 2484 momentum
763 2435 834 2484 esse
850 2417 883 2484 in
900 2437 1007 2486 exenta

69 2534 144 2618 plis,
160 2549 312 2618 quorum
330 2531 385 2598 vis
401 2533 665 2600 tumvehementi
682 2549 774 2601 motu
791 2535 918 2621 ingenia
932 2555 1006 2620 per·

71 2655 171 2736 cellit,
194 2643 270 2718 tun'n
299 2651 343 2716 iis
362 2651 475 2715 leniter
489 2649 619 2716 virtutis
634 2669 771 2717 amorem
790 2651 948 2732 instillat,
971 2665 1005 2716 et

73 2785 128 2834 usu
150 2765 381 2846 exercitioque
404 2763 531 2830 iirmrlm
556 2767 767 2850 stabilemque
787 2771 902 2836 reddit.
948 2770 1006 2836 Sic

75 2905 211 2956 nummus
227 2887 288 2952 ilie
301 2885 464 2964 Pericles,
487 2905 559 2951 cum
577 2903 618 2952 ex
634 2885 842 2970 Anaxagorae
856 2887 1007 2971 discipli·
1028 2949 1041 2968 ,

76 3023 109 3070 na
121 3001 398 3072 accuratissimam
418 2999 535 3067 mentis
554 3003 727 3083 hnmanae,
743 3003 828 3084 veri,
849 3001 1000 3088 pulchri,

12 3136 13 3141 ’
79 3137 104 3186 er
127 3121 202 3188 boni
237 3117 467 3205 cognitionem
508 3117 690 3202 hausisset,
729 3117 850 3204 ingenii
881 3119 1004 3204 aciem,

82 3255 161 3318 quarn
178 3255 284 3304 rerum
307 3233 545 3300 reconditarum
564 3251 597 3301 et
618 3233 872 3330 intelligibilium
895 3237 1006 3306 consi·

12 3353 13 3361 ’
87 3353 224 3421 mamone
245 3365 462 3432 exercuerat,
485 3353 590 3419 adres
605 3353 779 3436 populares
806 3356 1009 3426 communis.

94 3469 295 3548 querulitatis
312 3465 484 3548 traduxit,
506 3481 537 3532 et
560 3489 578 3535 a
601 3469 875 3552 contemplatione
893 3475 934 3540 ad
956 3474 1005 3540 ci·

16 3605 17 3621 ¹
94 3581 288 3654 riantuorum
304 3579 445 3668 ingenia
457 3583 646 3650 emendanda
654 3585 888 3668 excolendaque
899 3602 1003 3655 trans·

94 3697 131 3766 iit
159 3705 186 3776 ld
211 3725 296 3776 vero
333 3699 509 3784 quomodo
532 3701 700 3786 adgressus
723 3703 795 3770 esti
838 3705 892 3770 An
915 3701 1003 3774 iorte

87 3817 178 3894 itiobs
190 3821 338 3914 apernit
348 3843 377 3901 ‚·
390 3813 428 3886 in
446 3813 563 3898 quibus
578 3817 722 3904 magistri
738 3835 906 3908 praecepta
922 3819 1004 3886 snb·

964 3934 1005 4012 ai.
