2506 4712
229 325 368 410 utun
400 325 447 406 n.
482 319 866 458 ittititixuutlt:⁸
923 341 1003 427 m

55 530 158 620 quod
171 529 200 596 is
214 525 282 596 fere
295 521 426 592 exsistit
448 539 488 589 ex
507 517 811 602 innumerabilium,
832 537 900 590 ooo
916 543 991 596 mo·
1051 584 1056 596 ,

53 647 107 716 do
127 660 258 723 rerum,
278 640 337 710 sed
363 653 395 704 et
418 636 615 718 verborum,
645 633 802 720 scieotit3
827 655 930 721 quoe,
952 653 992 710 ut

52 758 147 830 lecta
170 771 270 838 sunt,
293 757 378 823 itte
406 752 557 820 memoris
593 752 752 836 effluunt,
781 751 847 819 nisi
870 753 998 840 scripto

56 888 222 948 notentur
239 885 270 938 et
285 871 320 937 in
336 866 514 938 adversaria
529 864 718 934 referentur.
756 865 802 934 Et
817 885 896 936 vero
912 868 997 938 hanc

59 994 265 1082 diligentiam
292 991 386 1062 editis
408 989 539 1074 quidem
566 987 790 1071 Scriptoribus
812 1003 908 1056 nemo
928 1003 997 1057 nou

61 1112 237 1195 adhibuit,
260 1111 320 1194 qui
349 1109 483 1193 sliquod
510 1123 627 1175 nomen
652 1107 688 1174 in
705 1107 757 1176 hit
783 1107 905 1176 Literis
918 1127 999 1180 con·

61 1243 201 1301 secutus
225 1239 286 1296 est.
339 1223 555 1292 Ruhnkenius
588 1225 671 1290 nnnc
701 1223 898 1308 diligentiam
928 1241 998 1294 noo

65 1357 197 1414 tantum
218 1341 336 1424 editis,
368 1341 425 1406 ssd
450 1339 579 1406 ineditis
613 1338 731 1422 etium,
762 1353 812 1406 tot
838 1339 1002 1424 tantisque

67 1459 221 1533 adhibuit
245 1454 488 1540 scriptoribus,
514 1469 596 1538 quot
616 1455 814 1539 quantisque
838 1469 999 1524 anteeum

68 1592 181 1644 memo.
226 1571 417 1642 Incredibile
441 1585 491 1638 est
513 1571 624 1654 dictu,
654 1587 776 1654 quanta
803 1574 874 1658 ejus
900 1570 1001 1638 fuerit

70 1714 107 1764 et
121 1695 283 1763 fortitudo
302 1694 336 1760 in
363 1691 571 1776 suscipiendo
595 1692 727 1776 labore,
750 1707 782 1760 ct
799 1691 951 1776 potientis
965 1691 999 1760 in
1036 1747 1040 1761 ,
1065 1745 1068 1752 ,

70 1810 226 1878 ferundo.
281 1807 434 1890 Cumque
464 1825 498 1872 ea
530 1805 595 1872 fere
629 1807 743 1890 opinio
771 1809 1002 1893 plerorumque

73 1929 202 1996 animos
228 1924 457 2008 occupaverit,
489 1939 603 2007 magns
627 1921 755 2007 ingenia
780 1925 872 2006 quasi
894 1925 1005 1992 solutu

70 2043 233 2122 volitare,
265 2057 322 2108 nec
347 2041 387 2106 td
412 2053 534 2106 certum
562 2039 811 2122 operariumque
832 2040 999 2126 negotium

78 2157 238 2242 adstringi
256 2173 292 2222 se
311 2156 435 2237 sinere,
458 2153 591 2221 delicata
615 2155 806 2238 pierumque
829 2169 862 2220 et
878 2154 1004 2224 fasuut

75 2275 194 2362 plenu
217 2291 256 2340 eo
282 2275 384 2357 maius
410 2271 595 2340 Ruhnkenii
619 2274 867 2344 existimandum
888 2285 937 2342 est
954 2275 1005 2342 in·

78 2388 229 2476 genium,
253 2388 364 2471 qood,
386 2386 420 2452 in
443 2401 530 2454 tanta
558 2377 590 2452 et
614 2405 784 2458 renostcte
808 2406 840 2458 et
854 2388 1008 2459 velocitr.

76 2523 136 2586 te,
156 2519 218 2570 tam
235 2501 403 2587 improbos
424 2522 461 2568 nc
485 2502 549 2568 fere
572 2505 702 2572 serviles
727 2503 854 2573 isbores
878 2505 1011 2590 perfice·

76 2636 117 2687 re
137 2615 292 2699 potuerit.
333 2616 439 2687 Nemo
462 2618 545 2684 enim
577 2635 730 2701 umquam
761 2618 849 2702 fuit,
879 2619 938 2703 qui
958 2633 1011 2688 tot-

77 2735 286 2816 Scriptorum
304 2731 386 2796 editt
401 2732 543 2812 exempla
566 2747 642 2796 cunr
668 2745 719 2796 tot
740 2733 871 2814 scriptis
886 2735 1011 2803 codici·

82 2851 152 2918 bus
180 2841 383 2924 contulerit,
414 2854 466 2910 tot
497 2843 689 2910 ineditorum
718 2841 1012 2918 Grammaticorum

82 2975 121 3029 et
148 2959 360 3044 interpretum
389 2957 634 3026 commentorios
660 2958 836 3027 &tenebris
861 2961 896 3027 in
910 2961 1015 3030 iucem

86 3075 311 3165 protraxerit,
331 3073 529 3155 excusserit,
552 3071 767 3158 excerpserit,
788 3075 1015 3159 descripseritc

89 3208 179 3266 recte
186 3195 358 3281 judicans,
381 3191 487 3276 magui
513 3190 632 3274 ingenii
653 3209 750 3276 esse,
771 3193 895 3260 nulium
912 3191 1018 3260 critici

90 3313 235 3382 muneris
264 3311 405 3377 laborem
436 3309 488 3376 sei
522 3307 751 3391 extimescere,
781 3309 834 3374 vei
857 3304 1017 3376 fmndire·

89 3431 221 3509 Porro,
251 3425 281 3492 si
304 3440 492 3506 nostrates,
521 3423 579 3507 qui
611 3440 773 3508 postrema
802 3425 857 3492 iiic
886 3425 1018 3495 fuerunt

89 3559 217 3626 aetate,
259 3543 398 3626 critici,
431 3543 730 3630 Hemsterirusius,
763 3545 1022 3632 vuchenarins,

93 3659 339 3743 Ruhnkeoius,
362 3661 485 3744 quique
501 3663 540 3728 sd
565 3661 681 3730 horum
703 3661 926 3745 praestantium
944 3681 1024 3748 pro«

95 3778 186 3847 xime
201 3797 426 3864 recesserunt,
450 3781 687 3868 Wesseiingius
710 3797 743 3849 et
766 3783 964 3854 iicrsonusr
985 3779 1023 3848 lu
1091 3849 1092 3861 ,

96 3897 201 3982 igitur
225 3899 254 3966 si
278 3913 354 3968 cum
382 3897 479 3982 aliis,
509 3898 608 3969 veluti
632 3897 780 3970 Gesocro
802 3913 836 3968 et
858 3899 1023 3976 Ernesto,

938 4029 1030 4089 coms
