2562 4708
221 293 302 400 ¹1¹⁴*
352 275 527 348 ORATIO
547 273 679 378 DEW
694 269 762 344 ΕΤ
782 277 1054 371 ΕΡΒΙΟΛΟΙΔτ,
1077 283 1082 303 ’

225 485 285 552 pet
305 463 520 538 Historiarum
540 461 759 546 cognitionem
776 479 962 550 perspectas
979 487 1021 566 ac
1034 484 1166 558 pertraq

228 553 331 680 etates
351 582 506 653 habemus
533 599 583 648 res
612 577 781 656 humanas.

245 697 358 788 ⁸Sed,
379 712 417 766 ut
443 698 479 764 in
501 696 543 762 iis
563 714 646 780 quae
669 696 841 788 hucusque
868 696 959 788 diri,
982 700 1170 772 Auditores

230 793 375 904 omnium
411 812 559 880 ordinum
593 813 851 898 Humanirsimi,
882 835 979 901 spero
1016 837 1069 888 me
1092 821 1172 888 Vos

233 911 349 1020 lrabete
381 929 617 1016 assentientes,
649 931 693 1000 ita
731 933 884 1026 suspicor
908 947 1016 1000 vestra
1040 935 1176 1021 ingenia
1197 929 1214 948 ⁸

232 1046 393 1130 requirere
412 1045 508 1116 etiam
527 1047 683 1116 rationem
699 1067 735 1118 ac
751 1048 858 1131 uiant,
882 1051 947 1132 qul
965 1053 1176 1125 tractandum

237 1163 282 1232 sit
311 1162 527 1232 Historiarum
554 1163 723 1244 studium,
755 1174 793 1236 ut
824 1163 900 1237 inde
931 1166 1082 1234 laudatus
1116 1167 1180 1239 illo

237 1279 383 1348 Virtutis
409 1276 538 1346 fruetus
569 1279 788 1364 percipiatur:
821 1283 886 1364 qui
912 1281 1023 1352 videt
1049 1283 1181 1356 ratione

239 1382 418 1488 dmiunarr.
439 1393 515 1478 huic
549 1396 625 1472 loco
657 1395 785 1469 demum
820 1389 1022 1466 satisfecisse
1050 1398 1177 1476 videar,

239 1517 359 1600 Neque
372 1515 465 1584 etiam
484 1533 545 1602 ego
563 1515 607 1584 ita
624 1514 812 1600 disputavi,
834 1521 874 1581 ac
892 1515 922 1582 si
937 1514 1078 1600 quisque
1096 1517 1179 1584 Vir·

241 1647 344 1706 tutem
368 1643 584 1714 assequatur,
606 1628 755 1728 vitioque
780 1629 959 1710 liberetur,
981 1648 1055 1698 eum
1082 1649 1117 1698 se
1136 1631 1180 1704 in

243 1751 417 1844 lectionem
438 1746 601 1816 Historiae
616 1745 817 1834 conjecerit,
838 1761 871 1812 et
889 1746 998 1814 locum
1013 1767 1051 1824 ex
1066 1753 1103 1818 el
1120 1769 1180 1818 ve-

244 1869 309 1944 luti
325 1865 485 1955 magicum
502 1882 628 1930 carmen
648 1859 839 1930 recitaverit.
885 1861 1027 1932 Omnino
1043 1877 1094 1933 est
1109 1885 1184 1934 cer.

248 2000 282 2056 ta
301 1981 457 2066 quaedam
477 1979 558 2048 ertio
588 1977 750 2046 Historiae
775 1980 963 2060 tradendae,
994 1996 1079 2050 terra
1102 1983 1184 2054 item

251 2095 493 2195 percipiendae:
515 2109 565 2165 est
582 2095 653 2177 lex,
666 2107 705 2162 ut
719 2092 869 2184 ‘docentis
885 2110 917 2161 et
938 2094 1119 2180 manantis,
1134 2098 1186 2166 ita

248 2213 404 2315 discentis
435 2225 467 2278 et
489 2209 670 2304 audientis.
725 2208 776 2276 De
811 2210 877 2292 qul.
904 2208 970 2296 lege
1000 2212 1186 2292 erratione

251 2347 353 2418 ouum
372 2324 617 2410 constituissem
635 2325 694 2406 irae
710 2325 784 2425 ipsa
799 2341 930 2408 quoque
943 2326 1048 2397 dicere
1056 2328 1185 2401 ,oratio-

252 2464 319 2538 ps,
340 2441 694 2519 anianadrertitantam
721 2459 792 2512 esse
820 2444 1001 2528 argumenti
1024 2445 1187 2528 magnitu-
1257 2461 1258 2464 ¹

256 2536 383 2642 dinem,
406 2573 444 2626 ut
461 2560 532 2646 ejus
550 2557 702 2629 tractatio
721 2557 757 2626 in
775 2558 873 2627 alium
890 2559 1000 2629 locum
1016 2572 1189 2647 tempusue

215 2743 224 2764 ,
253 2677 436 2780 reponenda
461 2677 517 2744 sit.

267 2791 422 2878 Igitur,
445 2805 483 2858 ut
507 2788 602 2860 finem
622 2789 750 2861 dicendi
776 2788 888 2858 faciam
901 2794 1128 2880 ,colligamus
1145 2813 1188 2872 ex

259 3026 449 3115 politores,
480 3017 679 3110 quidnobis
705 3027 861 3110 agendum
889 3029 961 3112 sit,
990 3041 1026 3093 ut
1048 3047 1107 3112 per
1127 3030 1190 3096 lli.

259 3139 392 3222 storiam
417 3145 458 3212 ad
478 3142 557 3212 bene
582 3141 739 3240 beateque
761 3142 946 3217 vivendum!
961 3139 1190 3226 proficiamus.

264 3237 454 3330 Nimirum
445 3277 480 3328 ru
496 3259 609 3358 huius
614 3259 695 3330 tanti
711 3259 968 3344 possessionem
964 3259 1128 3333 horinon
1142 3276 1193 3332 te·

264 3393 348 3482 mere
365 3393 401 3442 ac
422 3372 532 3443 subito
550 3372 735 3478 involetur,
756 3377 814 3444 sed
836 3377 987 3462 gradihus
1002 3395 1039 3446 tc
1056 3379 1193 3466 diligen

265 3493 311 3562 tia
336 3494 532 3575 pervenitur.
578 3493 839 3570 rFundamerttum
869 3495 970 3561 totius
995 3499 1040 3562 rei
1075 3512 1125 3568 est
1155 3501 1191 3572 itt

262 3611 338 3696 ipsa
363 3609 526 3680 Historiae
552 3609 786 3696 intelligentiis
819 3608 1059 3696 intelligentiae.
1077 3611 1193 3684 ftmda·

266 3743 408 3806 mentum
424 3740 474 3794 est
495 3727 725 3824 inillal'rerom
740 3727 876 3796 summa
898 3745 939 3813 ,ae
963 3727 1055 3798 breui
1079 3729 1194 3796 dlscri.

263 3845 403 3948 paone,
424 3843 591 3911 Historiae
608 3843 811 3950 Universalis
829 3843 963 3918 nomine
974 3843 1150 3912 celebrata:
1174 3859 1192 3907 s

1140 3979 1199 4032 cu·
