2508 4712
310 305 372 383 rot
480 293 623 375 tvtcn
653 293 698 362 n.
729 290 1032 364 tumueram

314 501 386 552 eum
407 484 575 568 iuvaretur
597 483 634 549 ad
661 481 899 568 intelligentiam
924 479 1034 564 Dialogi
1054 473 1154 558 intel,

317 619 412 686 quem
428 601 643 685 cognoscendi
659 599 805 664 Platonis
828 617 936 664 caussa
956 593 1157 680 legeminritris·

317 733 387 784 set:
418 719 473 782 sed
495 715 666 796 Dialogum
692 714 819 796 quidem
848 713 1003 780 'simaeum
1021 707 1157 777 noniilrti·

316 833 437 900 morem
460 828 545 894 redii
569 846 632 912 ope
659 828 774 896 Lexici
802 829 949 910 Timaei,
976 843 1003 894 ct
1025 827 1157 909 cingnum
1188 885 1189 888 ,

315 949 429 1014 habere
460 945 681 1012 difficultatem
716 961 813 1029 atque
840 945 1026 1014 insolmtiam
1051 942 1159 1008 rationum

266 1063 271 1074 '
319 1061 643 1145 Mathematictrumt
692 1108 714 1144 „
734 1064 808 1145 his,
839 1064 966 1148 inquit,
985 1056 1158 1128 difficultatibus

320 1175 475 1260 fatigatus
502 1177 521 1241 l
544 1176 687 1242 Platonis
710 1177 848 1244 lectione
870 1177 989 1244 destiti:
1015 1175 1087 1258 igitm
1104 1171 1160 1234 hmo

317 1291 463 1358 libellum
481 1291 541 1356 tibi
560 1292 625 1373 do,
647 1292 701 1357 cui
723 1291 809 1359 tone
831 1296 909 1378 plus
927 1290 1047 1360 utilitatis
1062 1283 1160 1361 alitro,

319 1407 443 1488 quippe
461 1405 518 1488 qui
545 1419 648 1472 totum
674 1407 836 1474 Platonem
860 1411 960 1494 legere
975 1407 1092 1490 adgressus
1107 1395 1161 1464 es.’¹
1189 1399 1190 1406 ’

319 1521 364 1596 Et
386 1535 452 1589 erat
475 1522 755 1608 ingeniosissimus
777 1525 907 1610 iuvenis
941 1515 1159 1600 nasamonas,

319 1639 467 1726 Linguae
483 1639 623 1710 Graecae
641 1643 762 1725 peritus
779 1645 818 1712 ad
839 1664 909 1710 eum
930 1646 1014 1712 finem
1029 1657 1058 1707 ut
1069 1633 1163 1722 itgmiis

318 1755 543 1838 Scriptoribus
561 1775 609 1824 res
624 1777 662 1823 ac
678 1777 805 1826 sensum
826 1758 921 1828 facile
943 1761 1162 1841 assequeremur

310 1889 391 1950 ‚vcro
416 1871 653 1938 Mathematicis
678 1875 797 1941 studiis
815 1877 916 1957 probe
940 1861 1160 1946 exercitatiori

315 1987 465 2052 nimirum
481 1987 516 2054 in
532 2006 572 2056 eo
589 1990 763 2073 deceptus,
777 1991 864 2072 quod
883 1991 999 2075 legendi
1014 1973 1162 2052 Platonirini·

315 2102 398 2172 tium
430 2120 497 2174 non
522 2105 541 2170 i
566 2103 782 2174 Grammatica
819 2105 1067 2192 interpretatione,
1087 2091 1164 2160 dludi

320 2218 411 2294 quod
435 2218 455 2282 l
478 2217 620 2303 Dialogo
642 2219 799 2304 Timaeo,
822 2223 964 2289 duceret.
1001 2207 1163 2303 ugotibelrn

320 2327 408 2393 utin
432 2347 545 2396 manus
562 2335 710 2418 accipio,
732 2337 776 2403 ita
801 2341 940 2408 evolvo:
963 2337 1164 2403 mltorcomntn·

319 2440 419 2509 tarius
436 2443 562 2524 amplos
579 2461 611 2510 ct
634 2449 800 2529 eruditos,
824 2453 938 2532 quales
961 2431 1165 2526 numquantiit·

315 2577 404 2627 ram:
433 2577 551 2642 quaero
579 2579 675 2628 voces
703 2563 781 2629 mihi
803 2581 899 2632 notas
925 2583 956 2633 et
980 2547 1165 2634 inculsit

318 2676 649 2745 animadversionibus
668 2693 840 2750 tractatasa
866 2703 985 2766 paucas
1005 2668 1111 2747 involo:
1126 2657 1167 2727 ild

317 2811 399 2877 quas
420 2793 575 2877 invenio,
598 2815 651 2863 cas
681 2799 774 2865 video
792 2801 951 2886 ejusmodi
968 2797 1067 2867 ratione
1081 2776 1167 2864 cliiii·

315 2921 389 2991 tas,
411 2929 447 2976 ea
470 2911 542 2976 lucc
565 2909 761 2996 illustratas,
796 2918 921 2998 qualern
949 2921 1118 3000 quantamque
1132 2894 1166 2959 li·

316 3021 383 3088 lanc
399 3041 465 3090 nun
486 3042 711 3109 cognoveram.
758 3027 845 3096 Tum
866 3051 944 3099 vero
966 3026 1101 3106 intelligere
1116 3027 1166 3076 tot·

173 3143 177 3148 ’
316 3136 351 3222 pi
368 3137 554 3210 numenium
572 3160 630 3224 per
645 3161 680 3209 se
697 3143 797 3227 ipsam
820 3145 1012 3215 fructuosam
1031 3155 1081 3206 esst
1092 3131 1167 3197 Plato·

317 3251 369 3316 nis
383 3249 551 3320 lectionem
567 3257 605 3320 ad
617 3247 749 3341 mores,
770 3259 936 3344 animum,
958 3257 1167 3344 ingenunata

316 3362 457 3450 tionem,
487 3369 663 3440 disserendi
686 3379 894 3463 elegantiam,
918 3379 1077 3448 interiorem
1093 3363 1166 3432 Phili·

314 3483 449 3564 sophiae
464 3500 495 3551 et
509 3484 688 3557 Literarum
706 3475 901 3563 Graecarum
918 3495 1102 3580 cognitionem
1113 3467 1166 3547 :ati

319 3613 396 3662 vero
416 3601 512 3686 longe
528 3601 819 3676 fructuosissimam
846 3615 884 3679 ad
901 3631 1004 3680 omnes
1024 3599 1168 3689 posttrartt

321 3706 465 3780 Graecos
484 3731 515 3780 et
532 3715 669 3786 Latinos
687 3723 870 3808 Scriptores
889 3743 969 3794 recte
987 3707 1165 3801 oratoriola

321 3819 443 3915 quippe
458 3847 515 3910 Pei
535 3831 598 3898 ¹¹⁰³
618 3853 729 3916 ⁰ffli¹0⁵
754 3854 785 3918 et
812 3861 870 3926 per
887 3843 1051 3912 universum
1069 3823 1170 3900 antiqu·

1120 3943 1168 4004 illl
