2506 4712
213 313 351 386 vtua
385 311 428 384 n.
466 309 817 410 sursumsunt·
904 323 995 407 sta·

32 502 142 587 alios,
164 514 200 570 et
215 501 397 582 discentes,
419 513 450 566 et
474 497 676 580 scribentes,
695 501 842 585 juvareta
864 509 921 572 sad
935 509 974 573 et'

27 623 65 692 in
96 638 165 701 eo,
189 617 281 701 quod
310 617 419 684 miuus
448 633 524 682 cum
551 615 656 698 ipsius
672 615 793 684 studiis
811 633 876 686 east
893 637 976 689 cona

24 740 217 827 junctum,
246 747 285 802 ut
302 733 415 805 amicis
437 733 471 800 in
489 749 703 816 quocumque
732 732 820 800 vitae
842 737 978 820 negotio

26 849 234 924 industriam
269 865 464 934 operamque
500 866 591 916 suam
634 863 839 931 praestatets
877 868 978 934 atqua

31 968 142 1048 adeo,
176 964 212 1032 in
240 982 308 1048 quo
330 965 462 1032 minime
490 963 563 1047 ipse
595 963 745 1049 valebat,
774 981 813 1033 ut
837 967 977 1036 aliorum

30 1079 188 1167 inopiam
207 1079 560 1166 pecuniasublevsreta
586 1099 679 1164 saepe
705 1083 806 1164 adeo,
828 1096 866 1150 ut
894 1086 980 1153 alvia

35 1215 110 1270 tum
135 1196 253 1280 copias
280 1197 457 1267 amicorum
479 1200 498 1265 ὲ
527 1215 591 1266 sua·
612 1197 684 1282 ipse
706 1199 817 1282 inopia
835 1213 976 1286 augeretr‘

34 1317 197 1404 Quorum
226 1312 457 1382 beneficiorum
485 1315 586 1398 gratia
604 1313 654 1380 illi
680 1316 925 1397 lpaucissimis
941 1333 976 1386 re

38 1450 71 1504 et
93 1431 189 1499 facto
215 1418 432 1502 referebatura
456 1433 485 1498 si
506 1430 616 1500 auimo
640 1445 671 1496 et
688 1431 906 1500 recordatione
925 1435 982 1501 hai

37 1544 200 1627 beretur,
222 1557 397 1614 contentus
411 1559 495 1612 erat:
534 1545 644 1612 Patres
665 1544 783 1626 multi,
805 1560 836 1611 ct
850 1545 928 1612 clari
947 1559 981 1613 et

37 1661 185 1741 divites,
216 1656 302 1728 filios
329 1658 373 1726 ita
395 1659 435 1724 ad
462 1675 535 1724 eum
557 1656 780 1737 deducebant,
803 1674 842 1724 ut
867 1677 982 1726 eorum

40 1784 144 1854 virarn
177 1781 354 1863 studiaque
381 1779 531 1849 consilio·
557 1793 589 1846 et
614 1783 806 1849 auctoritate
837 1779 980 1867 regeret,

40 1897 259 1982 sempiternas
273 1877 302 1962 ei
320 1896 438 1983 gratias
455 1895 551 1981 hujus
578 1895 729 1964 beneficii
747 1916 860 1964 caussa
887 1893 983 1966 habi·

44 2029 141 2084 turos
173 2014 402 2095 relaturosquc
425 2029 479 2091 se,
513 2011 717 2092 pollicentes.
761 2011 981 2082 Ruhnkenius

46 2131 111 2198 hoc
130 2131 175 2198 iis
199 2143 231 2196 et
248 2128 444 2212 recipiebat,
465 2143 497 2195 et
515 2127 651 2194 fideliter
673 2129 879 2212 praestabat:
897 2129 985 2196 lilios

45 2248 219 2341 adipsum
248 2246 443 2316 ventitantes
472 2245 562 2312 omni
594 2243 701 2310 officio
732 2257 764 2310 et
787 2243 986 2309 humanitate

49 2364 256 2448 excipiebat,
273 2359 492 2428 saluberrimis
507 2359 689 2442 praeceptis
706 2357 906 2440 monitisque
925 2369 984 2420 aus
1124 2413 1128 2428 ,

49 2478 167 2564 gebat:
194 2471 399 2545 consuetudo
427 2477 478 2544 bis
507 2476 600 2543 'valde
625 2475 792 2558 placebat,
824 2488 857 2540 et
884 2471 987 2556 patri⁴

51 2591 116 2660 bus
135 2593 218 2658 mira
247 2591 484 2660 satisfaciebsta
508 2591 586 2674 scd,
608 2591 700 2657 ecce!
724 2590 759 2657 iu
785 2577 984 2657 oblivioueu't

51 2706 190 2784 abibat,
223 2705 367 2770 decursis
394 2703 580 2769 Academiae
600 2703 741 2782 studiis,
771 2705 915 2785 urbeque
939 2707 989 2786 reb,

49 2821 143 2909 licta.
191 2818 264 2886 Hos
293 2816 368 2884 item
396 2813 672 2894 obliviscebatur,
703 2814 812 2895 quoad
826 2832 865 2880 ex
883 2815 990 2881 oculis

50 2936 219 3012 abessent.
262 2935 309 3003 At
332 2933 469 3000 subinde
496 2931 615 3013 fiebat,
635 2913 675 3000 ut
701 2931 796 2998 iidem
823 2930 878 2996 isti
904 2930 989 2997 forte

49 3050 118 3118 alio
147 3064 296 3136 tempore
321 3048 466 3118 eumdem
491 3047 525 3114 in
550 3049 682 3130 locum,
701 3045 761 3112 ubl
783 3043 852 3128 ipse
881 3057 990 3125 esset,
1060 3098 1063 3118 ,
1107 3053 1111 3062 ·

59 3168 280 3247 eumdemque
307 3166 340 3232 in
364 3164 522 3232 circulum
548 3164 714 3245 venirent,
744 3175 880 3229 veterem
907 3159 995 3228 noti·

59 3285 139 3353 tiam
158 3283 412 3352 dissimulantes.
454 3283 541 3350 Tum
558 3300 636 3352 varo
662 3280 900 3366 Ruhnkenius,
920 3299 991 3365 quo

57 3419 125 3472 erat
140 3403 321 3474 ethonesti
338 3421 438 3472 sensu
460 3419 493 3469 ct
513 3403 673 3485 candore,
695 3401 861 3470 continere
876 3420 913 3470 se
928 3398 995 3470 noir

53 3539 207 3610 poterat,
242 3539 286 3591 ut·
315 3537 436 3596 tautam
471 3523 700 3606 impudentiam
730 3522 856 3590 tacitus
874 3516 991 3590 ferret's

59 3641 207 3709 salutans
233 3658 289 3708 cos
312 3625 525 3723 compellabat
554 3637 733 3706 humaniter
748 3639 876 3723 quidem
888 3625 998 3708 verbis

16 3733 21 3758 ¹
56 3777 97 3828 ac
126 3759 253 3844 specie,
276 3761 332 3828 ted
354 3775 390 3826 ea
417 3777 491 3827 cum
514 3757 749 3844 significatione
773 3741 1018 3852 despiciendae

52 3891 93 3949 ct
113 3880 376 3968 ,hdgmtionln
397 3897 479 3966 quae
510 3879 606 3963 istis,
631 3881 779 3964 quamvis
801 3875 998 3966 impudenti.

55 4029 96 4076 l·-
254 3999 260 4010 ι
911 3991 998 4084 Μὴ
