2556 4710
296 313 344 384 ro
422 307 678 384 russanum
700 333 747 381 ex
772 306 892 390 auti.
917 297 1105 391 Linum

244 527 251 542 ¹
297 505 384 574 unde
403 501 525 570 factum
542 515 613 582 est,
631 514 668 567 ut
684 499 936 585 pulcherrimum
953 507 1035 574 iliud
1051 505 1227 578 Providen-

297 624 360 690 tiae
376 639 494 689 nornen
510 624 549 688 ad
565 617 663 686 risum
688 635 952 706 contemtumque
977 625 1220 709 traduceretur,

296 754 397 824 caque
414 738 590 806 moxAnus
601 735 752 820 fatidica
763 784 776 819 ,
787 755 862 808 mox
880 741 1052 828 spectrum
1068 742 1154 830 quod
1167 710 1236 808 iio·1

297 860 397 925 mines
405 862 551 942 agitaret
562 875 601 920 ac
611 861 813 935 terronam
829 853 988 920 diceretur
996 871 1031 922 et
1040 851 1236 924 munerun*

295 969 396 1040 Nacti
414 970 497 1036 enim
516 970 598 1034 hanc
615 984 724 1034 auram
750 967 905 1050 Epicurei
924 967 1002 1036 mire
1020 969 1225 1056 exagitarunt

232 1071 234 1074 ⁵
294 1087 425 1155 Stoicos
448 1085 595 1168 quamvis
611 1084 804 1152 Dialecticae
821 1084 1051 1168 peritissimos.
1096 1085 1225 1174 „Quod

294 1187 320 1286 '„
341 1199 370 1265 si
383 1199 465 1265 enim
478 1241 490 1279 ,
501 1199 647 1284 ajebant,
659 1213 766 1264 verum
783 1213 1018 1280 cst,uoocntes
1033 1219 1052 1264 a
1069 1199 1145 1268 Diis
1165 1215 1225 1284 pu-

295 1349 318 1402 ts
339 1315 423 1407 uiri,
448 1315 532 1382 unde
548 1317 700 1399 estquod
714 1314 807 1382 malis
832 1314 913 1381 benc
934 1291 1019 1397 sit,
1099 1315 1127 1380 's
1145 1333 1236 1402 con-4

210 1493 211 1497 t
294 1475 319 1518 „
340 1431 446 1498 trai”
468 1465 510 1483 ·-
535 1477 556 1514 „
575 1435 617 1498 nt
636 1449 699 1501 suo
725 1445 869 1516 tempore
891 1431 1068 1514 aliquando
1134 1431 1236 1498 ’libet

294 1548 481 1635 „tribuent
503 1548 557 1614 Dii
586 1549 674 1630 qood
698 1546 849 1614 meruit.”
871 1578 914 1598 -
938 1591 960 1628 „
977 1547 1062 1616 uene
1090 1525 1171 1613 vcro
1197 1547 1227 1636 si

294 1709 317 1751 „
338 1666 402 1733 hoc
425 1667 469 1731 ita
495 1681 621 1748 semper
647 1661 807 1730 facerenti
851 1663 949 1730 Nunc
985 1647 1063 1730 vero
1089 1661 1236 1744 ridete„

295 1773 423 1870 „2quot
450 1782 524 1848 mali
556 1780 624 1846 sive
652 1779 777 1846 divitiis
805 1779 874 1846 sive
900 1780 1070 1862 tyrannide
1103 1779 1225 1865 injuste

294 1937 318 1984 „
339 1895 893 1983 potitietbettevixerintetpocnts
904 1911 971 1960 non
986 1881 1236 1963 dedennt.”-·³

294 2053 318 2097 „
339 2013 385 2080 At
403 2012 432 2076 si
450 2010 515 2092 ipsi
533 2025 653 2092 poenas
671 2005 864 2090 effugerint,
887 2025 940 2072 eae
956 2027 974 2074 a
991 2007 1105 2075 liberis
1122 2024 1155 2075 et
1171 2015 1236 2074 net

295 2179 318 2216 „
339 2127 476 2216 potibus
494 2143 682 2212 repetuntur
695 2143 726 2196 ct
734 2127 952 2196 Providentiae
963 2131 1094 2215 justitia
1112 2131 1147 2199 in
1161 2131 1220 2198 fine

293 2291 317 2333 „
338 2243 473 2314 omnino
496 2245 639 2310 elucet.''
654 2275 695 2296 -
722 2287 743 2324 „
765 2244 854 2331 Quid
877 2261 953 2314 vero
970 2247 999 2314 si
1016 2263 1076 2316 sut
1101 2249 1218 2318 liberos

247 2431 249 2436 ,
291 2407 316 2448 „
337 2363 447 2428 nullos
465 2362 568 2426 mulus
589 2359 774 2442 reliquerit,
797 2375 852 2426 aut
874 2361 997 2442 posteri
1018 2363 1128 2431 cadem
1153 2361 1222 2430 feli·

293 2525 316 2564 „
338 2477 434 2545 citato
451 2473 678 2560 perfruantur?
701 2476 814 2543 deinde
830 2496 911 2558 qnae
930 2493 980 2546 est
997 2479 1061 2546 ista
1078 2483 1216 2550 Deorum

292 2641 317 2681 „
336 2595 499 2678 aequitas,
523 2593 566 2660 ob
594 2606 763 2677 parentum
792 2591 968 2674 nequitiam
988 2595 1139 2665 insontes
1163 2608 1220 2679 pu·

292 2709 407 2796 ,nire
432 2707 642 2794 posterosi”
666 2737 708 2758 -
726 2709 772 2776 At
794 2709 937 2777 Deorum
959 2713 1102 2780 consilia
1125 2711 1219 2779 nobis

293 2873 317 2913 „
339 2827 449 2912 ignota
473 2840 572 2908 sunt,
594 2837 626 2890 et
643 2828 677 2891 in
694 2844 729 2892 ea
745 2829 873 2894 curiose
886 2825 1009 2926 inquiri
1022 2828 1065 2894 ab
1082 2830 1219 2896 homun-

294 2987 316 3030 „
337 2944 489 3013 ciouibus
512 2959 653 3010 summae
668 2917 709 3009 'et
739 2945 892 3011 amentiae
920 2956 969 3012 est
992 2963 1024 3013 et
1052 2945 1219 3031 impuden-

294 3105 317 3148 „
337 3057 454 3128 riaei”
475 3093 518 3113 ·-
545 3060 712 3144 „Ergone
747 3073 803 3126 aut
831 3062 926 3129 vobis
953 3082 971 3131 ε
996 3065 1120 3131 meliori
1146 3065 1217 3128 luto

295 3227 318 3266 „
338 3181 433 3250 finxit
445 3178 627 3263 praecordia
647 3177 765 3258 Titan,
789 3191 844 3245 tut
860 3178 923 3261 ipsi
940 3179 994 3245 Dii
1011 3201 1073 3250 vos
1089 3182 1121 3247 in
1136 3197 1215 3245 con·

296 3315 319 3385 ‚,
340 3299 412 3365 siiia
430 3299 622 3376 adhibuere,
641 3296 698 3377 qui
716 3315 750 3360 ea
769 3311 831 3362 tam
849 3295 1046 3365 confidenter
1064 3297 1216 3366 scienter·

296 3423 403 3503 ,que
417 3413 611 3497 explicetis?
639 3411 775 3495 Videte,
794 3434 815 3480 o
833 3415 912 3483 boni
926 3464 937 3498 ,
949 3431 1018 3500 quo
1034 3409 1214 3486 evadatis.'¹

292 3529 380 3598 Tum
406 3549 483 3596 vero
503 3529 605 3596 Stoici
629 3530 729 3596 multa
752 3532 978 3616 comminisci,
1000 3535 1133 3615 sudare,
1156 3549 1213 3600 nec

295 3663 415 3730 quone
431 3659 588 3712 verterent
613 3645 767 3730 reperire;
798 3646 952 3731 Epicurei
977 3666 1090 3719 contra
1112 3648 1214 3717 atrius

297 3760 465 3844 insistere,
495 3781 632 3848 urgere,
661 3781 766 3847 neque
794 3761 966 3850 effugiendi
990 3769 1100 3836 iocum
1130 3763 1212 3828 darc·

1133 3879 1218 3946 Tau·
