2438 4718
233 353 301 427 ’Μ
406 323 661 409 PRAEFATIO
682 341 732 392 rx
751 317 975 392 untalons

244 521 381 606 darbito,
404 535 455 586 me
485 526 560 600 post
584 525 850 589 trutanni,
872 513 1158 578 sannaautat
1204 529 1205 536 ¹

246 639 444 723 reliquorum
466 647 615 716 operam,
638 628 714 710 plus
733 624 832 691 altero
849 636 940 688 tanto
955 635 987 688 et
1004 633 1160 704 corrupte·

247 757 349 824 larum
363 765 492 819 aamsse
509 759 542 812 et
555 743 778 814 difficultatum
797 736 1009 822 expedivisse.
1044 736 1082 804 ln
1098 754 1161 802 nu·

247 867 343 935 tanda
361 862 498 930 lectione
511 857 643 941 vulgata
668 853 769 938 legem
788 850 1040 934 religionemque
1065 846 1156 914 Criti-

250 1005 306 1058 tae
332 993 465 1052 secutam
492 993 587 1054 sunt,
611 987 650 1039 ut
663 985 694 1036 et
716 969 879 1050 vulgatam
896 977 929 1036 et
947 964 1162 1032 restituendam

250 1100 420 1172 lectionem
439 1111 499 1162 sua
524 1105 685 1174 quamque
709 1087 899 1153 auctoritate
920 1082 1123 1166 ponderaren
1137 1092 1164 1146 et

250 1217 290 1286 ad
306 1217 431 1300 lustum
445 1203 684 1295 probabilitatis
702 1217 836 1268 censum
854 1195 1060 1264 aestimarem.
1087 1195 1164 1266 Cor·

248 1333 408 1402 rectiones
424 1323 610 1408 conjectura
633 1329 739 1400 partas
756 1331 814 1384 nec
838 1313 941 1378 ullius
960 1310 1068 1378 veteris
1094 1309 1167 1376 libri

251 1463 388 1520 usensu
406 1441 612 1510 confirmatas
629 1431 776 1504 nonnisi
803 1431 966 1498 rarissime
981 1428 1087 1512 recepi.
1122 1428 1168 1494 lis

251 1570 357 1630 umen
382 1554 415 1623 io
439 1551 522 1626 locis
541 1549 597 1626 ubi
617 1546 667 1618 vel
684 1544 807 1629 priores
830 1546 896 1629 jana
917 1544 1061 1612 Editotes
1080 1559 1166 1610 rece·

251 1672 402 1766 pissent,
423 1665 476 1735 vel
490 1663 544 1730 alii
559 1661 654 1729 etiam
672 1657 732 1726 viri
750 1655 839 1727 docti
856 1659 891 1724 in
908 1655 1056 1740 eandem,
1074 1673 1167 1739 atquc

254 1802 338 1870 ego,
360 1799 378 1848 e
403 1782 588 1868 conjectura
608 1774 799 1850 incidissent
825 1774 1080 1855 correctionem,
1100 1773 1170 1858 plus

251 1897 334 1968 mihi
354 1895 449 1970 llcere
470 1895 641 1964 arbitratus
664 1909 748 1961 sum.
798 1889 880 1956 Sane
905 1889 1108 1966 concedenda
1126 1902 1172 1957 est

253 2015 332 2092 baec
354 2011 482 2086 Editori
510 2010 661 2091 libertas,
702 2007 730 2074 si
754 1981 882 2089 quidem
911 2007 983 2090 ejus
1019 2024 1110 2076 usum
1134 2003 1169 2070 ad

253 2125 492 2216 probabilitatis
509 2127 627 2210 gradus
641 2136 740 2209 regat.
760 2125 805 2192 At
822 2136 970 2205 quaeest
988 2123 1090 2210 hujus
1107 2142 1171 2206 pro·

253 2244 433 2318 habilitatis
456 2258 487 2309 et
505 2244 660 2326 graduum
678 2240 852 2310 mensurni
897 2239 1002 2308 Suum
1020 2244 1171 2330 cujusque

253 2359 402 2433 Editoris
426 2355 608 2445 judiciuina
637 2357 739 2426 ‘modo
767 2360 870 2434 valeat
893 2356 1028 2424 scientia
1054 2375 1169 2438 rerum,

254 2481 407 2564 linguae,
431 2493 494 2552 usu
521 2475 700 2559 Auctoris,
721 2475 843 2542 alienus
861 2494 881 2540 a
903 2476 1103 2558 temeritate,
1121 2495 1171 2541 no·

255 2590 371 2668 vitatis
387 2590 520 2670 studio,
539 2589 700 2670 vanitate,
718 2607 762 2678 ne
774 2588 821 2656 alt
838 2590 1040 2672 subitarius,
1064 2591 1174 2658 tumul·

256 2707 401 2789 tuarius,
422 2704 614 2798 festinatos,
635 2703 693 2778 aed
710 2721 852 2788 tenpore
868 2705 1040 2790 diligenter
1062 2707 1175 2792 cogita·

127 2861 129 2866 ·
258 2837 357 2906 teque
372 2823 609 2910 progrediatur.
652 2821 811 2906 Equidem
832 2824 864 2890 in
883 2824 946 2892 hoc
971 2825 1101 2908 negotio
1115 2841 1175 2888 ma·

261 2939 313 3028 gis
341 2955 453 3010 vereor
474 2956 514 3014 ne
540 2939 605 3006 sint
630 2937 754 3022 quibus
779 2957 913 3022 parum,
936 2959 995 3016 nec
1012 2945 1089 3010 satis
1103 2959 1177 3008 con·

260 3069 403 3134 stanter,
423 3069 519 3136 quarn
538 3051 660 3136 quibus
676 3051 811 3122 nimium
832 3053 949 3126 fecisse
963 3055 1079 3124 videar.
1124 3059 1176 3126 At-

261 3169 319 3254 qui
343 3169 493 3244 affirmare
515 3187 650 3252 possum
677 3188 726 3234 me
754 3189 961 3252 quacunque
985 3171 1020 3237 in
1044 3173 1175 3240 lectione
1204 3173 1205 3240 ἶ

261 3286 414 3358 mutanda
439 3283 639 3356 retinendave
654 3303 780 3368 operam
800 3285 926 3353 dedisse
946 3300 982 3353 ut
1006 3287 1088 3356 mihi
1107 3305 1176 3359 con·

262 3415 402 3483 starem,
426 3421 462 3466 ac
488 3419 617 3470 sensum
644 3405 812 3486 quemdam
839 3421 942 3478 meum
967 3403 1179 3490 judiciumque
1204 3437 1205 3510 ἦ

262 3519 502 3604 probabilitatis
524 3521 741 3594 consuluisse.
791 3519 1040 3590 Innumerabilia
1064 3521 1178 3604 possim
1204 3539 1205 3600 l

266 3627 388 3734 adferre
407 3635 569 3718 exemplat
591 3633 748 3718 defungar
763 3635 884 3716 unico,
908 3654 974 3717 quo
991 3635 1179 3720 intelligatur
1204 3609 1205 3638 ³

264 3747 344 3832 quid
365 3749 476 3818 uelim.
520 3751 615 3818 Duos
638 3750 760 3822 correxi
776 3751 869 3824 locos
888 3771 905 3817 e
924 3745 1179 3838 conjecturam
1204 3741 1205 3744 ’

260 3879 312 3943 tet
332 3865 529 3946 adsentiente
551 3869 645 3945 nullo
681 3884 786 3946 vetere
811 3868 919 3944 libros
950 3881 1178 3955 utrumquem

1130 3998 1177 4049 etl·

746 4093 755 4132 t
