2418 4718
131 333 404 410 rnurnncffl
422 303 692 403 monuerunt.
713 333 829 406 voti.
880 351 947 426 ,η

32 523 179 592 lectiones
206 521 367 603 Aldinae,
389 521 436 588 iu·
450 521 546 592 nitere
570 517 749 588 earumdem
774 523 940 592 correctio·

29 653 94 705 nera
119 651 283 719 utraeque
304 636 405 702 aden
422 636 520 702 lineae
539 639 657 719 regnu.
702 633 858 723 Quinque
878 639 940 720 pri·

27 769 71 820 tua
93 753 177 822 folia
193 751 310 822 mutila
324 765 355 818 et
369 766 511 818 trunceta
524 766 602 818 suut
626 751 782 822 exteriore
797 765 857 820 sua
874 771 940 834 par·
1033 759 1034 768 ’

26 881 72 953 te;
98 883 137 936 ut
154 867 266 948 tituli,
289 868 463 934 uetustiore
477 886 573 936 manu
590 869 725 952 aeripti,
748 883 944 939 tantummo-

24 987 167 1056 dohaec
188 985 377 1068 vnbu,.his
403 986 530 1054 lacunis
552 987 728 1072 interrupta
753 991 942 1072 supersinta

24 1097 277 1168 Emendationcs
295 1149 304 1167 .
322 1151 330 1168 .
346 1145 357 1166 .
376 1151 384 1168 .
406 1099 591 1188 opuscula,
624 1101 746 1191 Capu
766 1155 773 1172 .
792 1157 800 1172 .
819 1105 860 1172 lit
877 1153 887 1174 .
903 1151 943 1180 ..

23 1219 107 1286 car.
136 1212 264 1282 Amulii
291 1235 363 1303 qu.
382 1264 392 1285 .
411 1215 592 1286 ,Ronran¹
618 1221 658 1283 lu
682 1232 770 1299 parte
791 1212 942 1287 interiore

20 1333 162 1420 ejusdem
181 1333 341 1418 paginae,
364 1335 521 1401 recentior
540 1351 654 1400 manus
671 1334 750 1402 haec
766 1339 941 1424 apposuit,

23 1447 199 1514 Plutarchi
220 1445 436 1527 Moralium,
467 1445 633 1516 Editionir
657 1447 738 1523 Au.
760 1448 827 1535 sol.
846 1464 938 1535 1501.

23 1562 95 1648 Quo
112 1580 192 1630 sane
209 1561 244 1630 in
262 1579 395 1630 numero
411 1565 526 1631 erravit
554 1577 736 1634 annotator.
779 1563 944 1652 inferius,

27 1679 221 1764 rdscriptunr
237 1693 307 1760 ent,
338 1677 396 1746 Ee
414 1679 603 1747 bunuorum
625 1681 815 1750 cardinales
834 1683 946 1753 Gran·

29 1797 158 1866 rolloni.
203 1797 283 1866 Suro
305 1797 415 1866 Andr.
437 1797 562 1864 Scirum·
589 1800 754 1888 Anruorp.
797 1801 947 1873 Servatur

32 1910 59 1978 in
79 1911 288 1980 Bibliotheca
312 1912 501 1980 Academiae
523 1911 877 2003 Lugduno·Batavae,
899 1921 948 1989 io·

30 2029 190 2097 terlibrot
203 2028 396 2100 Voraianoa.
420 2027 523 2100 Num.
546 2049 595 2116 ις.

68 2145 184 2232 Longe
199 2146 331 2231 mojona
349 2149 501 2216 monenti
516 2163 549 2217 et
572 2153 782 2236 praestantiae
805 2169 882 2223 nunt
902 2157 947 2224 le-

31 2261 154 2330 ctionee
169 2260 327 2349 Earnpu
342 2261 549 2334 Turnobiani.
594 2267 667 2335 Hoc
692 2270 820 2338 nomine
845 2273 948 2359 signi·
1027 2295 1031 2308 ·

32 2382 160 2453 icauna
182 2388 371 2468 eunomium.
389 2387 544 2455 Aldinum
569 2387 752 2458 Moralium
790 2394 885 2480 cujus
912 2393 946 2464 in

31 2509 164 2596 margine
191 2527 430 2578 nnnrnuus
460 2509 950 2594 uununnuacorrectionea

33 2641 61 2691 et
76 2630 178 2698 varias
193 2625 349 2693 lectiones
361 2626 546 2710 adscripsit.
590 2627 652 2693 Est
666 2627 729 2694 hoc
746 2627 828 2698 idem
844 2649 951 2698 exem·
1021 2656 1026 2665 ·

34 2742 115 2824 plum
141 2761 217 2828 quo
244 2741 295 2808 usi
321 2753 397 2806 sunt
413 2739 549 2807 editores
576 2739 864 2812 Graeco-Latinae
884 2745 951 2812 edi·

36 2857 127 2929 tinnio
155 2861 316 2930 Virorum
340 2871 372 2924 et
398 2855 581 2923 Moralium
605 2855 849 2926 Francofurtani
866 2877 953 2930 anno

41 2991 135 3063 1599ss
159 2996 247 3062 quoa
263 2975 461 3060 negligenter
475 2989 513 3039 eo
534 2989 613 3038 uaoa
630 2989 723 3054 etae,
746 2973 955 3056 plurimarum

38 3091 207 3162 lectionum
229 3093 279 3158 vel
302 3075 479 3160 omi'esione
503 3088 554 3155 vei
572 3087 688 3156 uitiosa
714 3090 955 3177 descriptione,
982 3176 983 3186 ἵ

41 3207 118 3275 inira
148 3211 371 3280 ostendemus.
424 3205 461 3273 in
494 3205 592 3272 titulo
627 3205 783 3288 scripturn
820 3221 955 3293 exstat,

46 3323 207 3398 Adrianus
225 3321 411 3406 Turnebus,
427 3326 564 3390 moriens
579 3325 740 3411 §tephano
755 3315 955 3404 Turnnio‘V,

47 3437 84 3504 C.
101 3439 138 3510 F.
158 3443 320 3532 reliquit:
334 3441 385 3506 nu
402 3435 463 3522 Jo.
480 3436 682 3504 Bourdelotin
704 3435 750 3503 D.
775 3437 822 3508 D.
846 3441 956 3516 Seriin
1087 3508 1091 3519 f

44 3555 352 3646 haninarriptione,
377 3549 415 3623 ab
434 3555 493 3622 alia
511 3575 606 3622 manu
622 3569 672 3621 est
688 3573 803 3626 nomen
829 3559 956 3628 Adria·
1144 3577 1148 3584 ·

43 3695 97 3739 nos
116 3675 305 3756 Turnebus,
330 3673 446 3740 antlia
466 3685 496 3739 et
519 3671 696 3760 posteriore
717 3688 796 3741 sunt
819 3693 956 3760 aequen-
1065 3717 1068 3730 ·

37 3787 94 3854 tia.
135 3789 256 3877 Margo
273 3803 337 3856 tam
355 3787 507 3866 interior,
530 3803 625 3868 quarn
640 3785 792 3870 exterior,
815 3795 956 3876 repictus

44 3915 90 3974 tet
111 3905 227 3994 notia,
256 3919 343 3993 quae
366 3883 473 3974 utrum
495 3901 562 3968 sint
582 3901 784 3991 conjecturae
806 3925 847 3978 an
869 3907 958 3973 ondi-

505 4017 563 4093 Λι
585 4035 603 4112 p
884 4037 962 4098 eun
