2470 4724
294 335 384 428 κῃ,
470 322 608 399 utra
641 321 1047 411 nsrturrnrrurrrr.
1100 320 1107 333 ·

302 513 369 599 ipsi
385 511 520 595 aliquod
529 509 694 596 Antiquae
710 513 962 596 venustioriaque
979 510 1113 580 doctrinae
1124 529 1161 594 aa·
1206 554 1207 559 ,

298 629 415 696 bulum
435 629 630 710 praeberent.
674 627 822 694 Vicinam
842 623 996 715 ingressus
1018 625 1159 704 Saxonum,
1205 613 1206 626 ¹

299 745 391 810 venit
415 743 657 828 Wittebcrgant.
691 743 798 812 Huius
822 746 910 811 urbis
927 743 1101 808 Academiam
1117 741 1158 803 duo

301 866 383 924 tunc
402 857 558 924 ornabant
578 872 776 939 praestantes
803 860 946 926 doctrina
968 859 1042 938 uiri,
1065 855 1106 940 Jo.
1121 854 1160 918 lla·

301 982 367 1050 niel
388 979 553 1061 Ritterus,
574 981 664 1064 Juris
688 981 916 1065 Historiaequc
940 981 1037 1048 omnia
1056 973 1161 1063 peritissi-

302 1112 400 1175 tnus,
421 1107 452 1165 et
471 1091 527 1178 Jn.
552 1093 750 1162 Guilieltrrus
774 1095 949 1182 Bergerus‚
975 1098 1006 1162 in
1023 1087 1162 1174 Eloquentia

300 1223 334 1280 el
350 1209 574 1303 Antiquitate,
597 1210 631 1276 in
648 1215 763 1294 prrnris
778 1213 943 1297 Romana,
962 1211 1162 1285 versatissimus,

301 1339 437 1408 uterquc
455 1327 632 1410 scriptisin
650 1329 816 1410 publicum
829 1331 924 1416 editis
941 1325 1164 1395 celebratissimus.

301 1445 518 1528 Ruhnkenius
540 1448 596 1530 qui
608 1448 673 1532 jaro
690 1449 724 1514 in
743 1451 859 1530 puerili
877 1441 1165 1532 institutioneOratr'o·

301 1581 362 1646 nes
377 1565 522 1648 aliosque
538 1561 665 1649 Bergeri
686 1564 787 1630 libros
810 1567 1036 1656 cognovisset,
1051 1571 1166 1642 narnu-

305 1703 370 1766 que
388 1685 458 1769 ejus
484 1684 723 1754 admirationem
742 1686 972 1770 concepisset,
995 1701 1054 1750 eun
1069 1676 1115 1742 atiit
1132 1691 1168 1738 sa·
1202 1681 1203 1686 ’

300 1800 455 1872 lotatum.
494 1801 558 1866 llic
582 1803 812 1896 adolescentem
838 1803 975 1870 comiter
996 1796 1108 1881 excipit,
1123 1791 1171 1874 ejus

302 1937 370 2004 que
381 1918 549 2001 colloquio
571 1937 607 1987 ac
626 1919 773 1991 doctrina
790 1919 992 2002 delectatus,
1010 1916 1107 1984 Ritteto
1120 1921 1169 1974 tutu

300 2035 477 2116 conciliat,
519 2034 655 2100 alterum
685 2035 814 2102 alterius
840 2035 1025 2120 cognitione
1054 2030 1169 2110 dignun,

303 2167 338 2216 ct
366 2151 497 2232 utrique
518 2150 574 2221 illa
600 2151 826 2220 conciliatione
857 2167 984 2235 gratum
1007 2168 1039 2218 se
1057 2143 1170 2210 iacturun

299 2265 462 2350 judicans.
505 2265 595 2350 Ergo
609 2284 708 2332 unum
727 2268 905 2336 alterumve
920 2270 1003 2334 diem
1020 2263 1063 2332 his
1076 2248 1171 2325 cunti·

302 2389 350 2454 ria
364 2387 413 2455 sic
430 2407 493 2453 una
508 2386 572 2454 fuit
594 2405 632 2455 ut
654 2389 798 2456 vicissim
818 2407 1032 2476 *caperentun
1052 2401 1078 2452 et
1090 2371 1173 2464 ipseil·

298 2503 409 2574 lotum
428 2502 644 2570 benivolentia
659 2524 696 2571 ac
718 2504 886 2588 doctrina,
910 2521 942 2573 et
958 2505 1006 2574 illi
1020 2493 1174 2586 ipsiusne·

298 2618 360 2697 nio
377 2633 409 2684 et
422 2618 597 2700 elegantia:
621 2610 692 2701 ipae
708 2617 829 2684 abitum
845 2621 886 2686 de
902 2620 954 2688 die
968 2621 1001 2686 in
1021 2619 1092 2684 diem
1106 2603 1175 2676 nlu-

301 2754 355 2818 rc‚
379 2733 597 2817 Wittebergae
620 2735 876 2817 maneremus,
899 2753 961 2802 nec
976 2723 1176 2800 tamenaudttta

301 2868 343 2922 ne
368 2863 535 2932 parentum
561 2847 757 2914 voluntatem
776 2845 935 2916 fefellisse
951 2848 1111 2916 videretur:
1126 2829 1173 2906 llll,

301 2981 342 3042 ut
367 2976 526 3044 maneret,
556 2979 687 3048 optare,
716 2983 775 3032 nec
795 2980 903 3034 tamen
937 2967 1062 3033 suadere
1084 2948 1176 3022 uelitid

303 3079 489 3164 quod‚nisi
504 3077 673 3147 confutata
688 3080 817 3163 pietatis
833 3082 1012 3164 opinione,
1023 3071 1123 3146 suaderi
1136 3076 1179 3132 nou

299 3210 428 3282 posset.
471 3193 617 3274 'tannen
631 3197 702 3279 ipse
716 3193 960 3278 Ruhnkcnius‚
984 3189 1137 3260 rationibus
1148 3194 1178 3240 se·

300 3313 546 3398 contaginis,
569 3311 801 3381 dubitationem
829 3313 946 3398 tollit,
969 3305 1179 3382 constituitur

299 3448 396 3510 nere,
419 3444 450 3496 et
465 3428 637 3494 consiliunt
664 3429 850 3512 patentibus
872 3429 1026 3514 probare.
1065 3409 1179 3492 triade

299 3540 466 3622 probavit.
507 3539 591 3606 Nara
620 3541 709 3620 quod
736 3540 926 3626 parentibus
960 3535 1179 3610 ostendebttrii

299 3652 359 3734 ld,
379 3655 431 3739 cuj
439 3673 474 3720 us
493 3671 609 3722 caussa
625 3653 833 3747 Goettingant
850 3674 997 3743 peteret,
1022 3637 1181 3724 uberiuslllt

301 3785 350 3834 arn
381 3767 595 3856 Wuttebetgae
612 3773 732 3839 discere
762 3794 884 3864 posse,
913 3790 1060 3863 parentes
1078 3767 1180 3858 judione

297 3900 367 3958 tlon
389 3899 558 3970 poterent:
583 3903 615 3956 et
632 3890 789 3962 malebant
805 3892 906 3984 lilium
926 3894 1062 4000 propitts
1082 3889 1179 3976 anese,

1138 4007 1183 4064 no·
