2470 4724
210 283 345 366 VITA
371 285 417 361 D.
446 283 793 364 RUHNKEfflia'
905 303 976 394 320

53 473 110 560 tibi
124 481 369 552 conciliaturum
384 491 475 548 certo
487 473 685 548 confidebat.
730 475 849 566 Hunc,
869 484 968 554 simul
988 519 990 530 =

53 603 152 674 urbem
169 599 337 682 ingressus
354 609 427 678 cat,
449 594 570 661 relictis
587 593 660 664 aliis
678 597 844 681 negotiis,
865 603 971 674 coan-

50 731 112 786 nuo
127 711 208 792 adit,
231 709 350 780 Latine
373 707 577 792 alloquitur,
600 725 706 782 uarmt
730 717 805 798 quis
833 730 866 782 et
884 717 970 786 uude

52 832 115 912 alt,
131 847 168 896 ex
185 827 302 895 Ritteri
320 824 511 909 Bergerique
529 823 701 907 disciplina
717 843 753 890 se
767 829 862 898 unice
876 827 969 917 Lug-

50 948 169 1014 dunum
201 942 354 1022 venieso,
382 953 420 1005 ut
451 937 737 1010 Hemstetltusiaoa
762 942 972 1020 institutione

47 1067 87 1138 sd
104 1063 288 1132 Graecarum
301 1061 467 1129 scientiam
485 1057 666 1131 Literarum
683 1061 971 1148 prodonamus.

50 1199 112 1266 que
127 1183 222 1254 mut
239 1179 413 1264 aliquando
429 1177 463 1246 in
478 1175 650 1244 Germania
666 1177 846 1258 explicaret.
868 1181 970 1250 Hem.

48 1297 222 1364 stethusius
241 1297 352 1364 statim
379 1291 626 1373 animaduertit,
650 1292 737 1362 huuc
758 1311 911 1364 uouesse
927 1310 969 1368 e}
1057 1369 1060 1379 ,

45 1414 164 1494 vulgari
192 1429 305 1495 genere
330 1409 515 1480 studiosum
546 1423 578 1474 et
609 1407 835 1477 salutatorem:
867 1427 969 1496 agnon

45 1535 105 1604 scit
126 1535 281 1619 egregiam
300 1533 460 1612 indolem,
483 1546 514 1600 et
539 1529 659 1614 ingenii
673 1532 884 1615 elegantiam:
907 1533 972 1606 uris

43 1669 129 1724 ratut
150 1651 335 1732 doctrinae,
360 1651 509 1733 quamvis
534 1649 569 1715 in
586 1646 809 1730 adolescente,
833 1651 968 1719 maturi·

45 1783 161 1849 tatem,
179 1768 335 1836 sermonis
349 1764 458 1840 Latini
477 1765 662 1836 inusitatam
682 1763 879 1836 bonitatem:
895 1783 966 1840 tutu

41 1904 119 1958 vero
132 1886 331 1968 amplexatur
344 1883 512 1950 candorem
528 1882 726 1966 ingenuum,
743 1882 801 1965 qui
818 1887 968 1966 quemvis

42 2001 133 2068 etlam
152 1999 319 2067 doctrinae
334 1997 480 2084 ignarum
497 1995 591 2064 facile
609 2011 756 2079 caperet:
782 2003 898 2086 gaudet
917 2002 967 2068 di·
1097 2045 1100 2054 ·

44 2115 203 2200 stipulum
225 2115 288 2184 sibi
308 2114 437 2186 venisse
465 2131 531 2182 non
547 2111 686 2182 tironem
706 2129 738 2181 ct
754 2115 887 2200 rudem,
909 2117 967 2188 sed

44 2233 207 2304 universae
224 2233 289 2318 jam
314 2227 506 2296 eruditionis
524 2227 724 2312 supellectile
742 2231 962 2316 instructum,
985 2319 986 2326 ἵ

45 2347 94 2417 rui
113 2349 150 2422 ad
165 2345 397 2430 perfectionem
416 2365 483 2414 non
502 2345 568 2418 uisi
585 2345 697 2413 ultima
723 2352 818 2432 quasi
846 2371 963 2424 manua

43 2481 70 2532 et
93 2467 164 2539 lima
183 2466 323 2576 deesset.
370 2464 477 2549 Igitur
501 2467 602 2546 prima
620 2463 674 2533 illa
692 2469 904 2554 congressio,
927 2481 966 2540 ut

44 2581 116 2656 uolet
137 2581 204 2651 ficri
223 2583 257 2650 iu
280 2581 460 2654 studiorum
488 2597 709 2668 sensuumque
726 2583 962 2671 similitudine,

40 2714 100 2764 um
115 2698 178 2766 vim
198 2695 314 2766 hebuit
339 2711 376 2780 ut
397 2696 533 2764 dubium
561 2712 649 2768 esset
675 2713 745 2764 utet·
763 2716 871 2769 utrum
897 2675 967 2772 totu·⁴

43 2811 87 2896 gia
100 2815 251 2898 cepisset.
282 2811 368 2880 Natu
386 2826 418 2878 et
431 2813 466 2880 in
488 2813 737 2882 Hemsterhuslo
755 2818 856 2885 multa
872 2820 981 2890 mant'

41 2947 115 3014 quae
128 2931 276 2999 homines
291 2931 386 2997 etiam
402 2930 554 2998 indoctos
570 2931 610 2998 ad
628 2949 701 2997 eum
717 2933 963 3017 suspiciendum

41 3061 272 3118 convenerunt:
305 3065 430 3116 summa
462 3046 662 3129 inhabito,
691 3051 811 3130 vultu,
841 3067 959 3138 gestu,

41 3175 142 3248 motu,
169 3179 250 3236 cum
277 3161 429 3232 comitate
453 3161 614 3248 grauitasa
644 3165 815 3246 prudentis
843 3168 964 3234 oratio·

38 3281 102 3363 nis,
129 3295 295 3368 nmquam
322 3282 512 3364 meditatae,
536 3281 682 3350 sedatum
714 3285 875 3368 quoddam
904 3289 965 3356 flu·

40 3411 116 3474 men,
163 3397 247 3490 Quo
270 3385 393 3484 majo're
419 3395 628 3492 admiratione
653 3399 885 3470 Ruhnkenium
910 3405 966 3472 ad.

40 3509 153 3585 sertum
173 3517 279 3586 fuisse
297 3534 355 3600 par
372 3531 440 3600 ear,
459 3518 517 3601 qui
533 3517 573 3586 ad
590 3517 677 3586 hunc
692 3521 755 3588 viri
769 3525 964 3610 adspectum

40 3629 198 3708 maximam
229 3633 269 3704 dc
288 3633 358 3717 qus
376 3632 524 3698 doctrina
550 3631 817 3702 existimationem
835 3641 968 3708 attulis-

40 3767 95 3819 set.
144 3749 248 3835 saepo
277 3749 358 3820 mihi
394 3748 557 3829 narravit,
586 3765 644 3830 se,
674 3749 752 3816 lieet
777 3749 892 3821 absens
927 3753 970 3828 da

37 3849 283 3944 Heutrerlturio
311 3881 438 3959 tunna
473 3863 583 3940 onnia
611 3863 766 3956 opinione
789 3869 974 3956 praecepit·
1081 3919 1095 3952 ,

875 4065 881 4078 .
903 3969 995 4078 “te
