2348 4716
110 285 291 368 uranu
311 283 614 404 rnocnnrrre.
634 283 696 360 er
715 281 818 376 aas
868 303 937 396 tas

16 484 185 571 ¹ln'piendttnr
202 478 287 548 satis
316 474 450 560 valeat,
472 473 509 542 ad
533 472 685 546 fidutiam
702 475 836 560 parurn?
878 475 933 558 Ex

16 588 72 697 iiis
93 615 139 668 tat
166 597 337 678 tantisque
371 609 516 660 rutarum
552 589 734 672 fluctibus,
764 579 934 660 Audientes

13 708 18 782 f
34 713 262 796 limau'utimi,
287 711 384 794 quod
402 727 564 794 nunquam
587 727 810 790 speraveram,
840 729 936 776 emet.

41 833 65 900 ti
84 849 132 896 ne
144 843 248 898 enen.
297 824 345 892 Et
370 840 454 906 quae
477 839 526 889 ree
544 821 683 890 animum
700 821 872 891 allevatent
887 832 935 886 at·

50 967 109 1033 qne
120 946 245 1030 signem
263 959 401 1024 meum,
425 940 505 1006 duae
527 940 561 1006 in
583 937 696 1022 primis
718 937 869 1008 sueruntt
891 937 939 1004 al-

56 1081 125 1146 tat,
141 1061 313 1132 canstantia
338 1057 566 1143 diligentiaque
588 1053 622 1122 in
644 1055 872 1142 persequendis
892 1055 938 1120 ls-

59 1182 167 1248 im
187 1181 311 1260 altera,
330 1187 415 1242 reete
428 1172 586 1240 faetorutn
604 1169 813 1240 conscientie.
849 1169 943 1242 Nant

54 1315 103 1364 ns
120 1296 153 1364 u
176 1296 313 1366 neuun
336 1304 437 1364 aetate
453 1286 633 1362 increatus
658 1269 806 1354 set'eneae
825 1283 937 1354 lucen.

46 1433 86 1480 tes
104 1429 195 1480 ment
226 1424 361 1489 amore,
393 1402 538 1485 idemque
563 1400 770 1482 intelligerem
795 1415 862 1464 nnn
890 1397 944 1464 ita
1017 1393 1023 1404 ’

38 1526 167 1592 iittaletn
192 1541 230 1590 se
252 1518 336 1588 rnihi
353 1515 554 1608 praestitisse
571 1528 738 1594 naturam,
761 1525 821 1594 ut,
845 1511 942 1594 quod

35 1645 146 1724 quidm
169 1651 335 1724 possunt,
364 1647 421 1700 aut
448 1650 547 1718 posse
571 1649 605 1698 se
624 1643 762 1714 putant,
788 1630 862 1696 solo
885 1627 938 1698 in·

38 1758 112 1840 getis
127 1755 292 1824 scientiam
312 1749 448 1832 assequi
470 1766 622 1829 possem
645 1745 765 1828 stetui,
788 1765 855 1828 quo
878 1745 940 1810 mi·
993 1719 995 1726 ’

40 1889 91 1938 aus
109 1870 234 1956 ingenio
255 1868 418 1945 valerem,
441 1882 481 1930 eo
503 1860 603 1946 magis
623 1861 751 1942 labore,
774 1879 872 1944 tuta,
892 1860 941 1926 vi.

34 1987 129 2068 giliis,
145 1985 357 2066 assiduitate,
381 1980 442 2050 niti
466 1995 567 2070 atque
584 1979 788 2046 contendere.
826 1976 944 2062 Itaque

37 2101 167 2176 scientiae
189 2102 326 2186 quidem
354 2097 478 2180 aliquid
502 2107 670 2164 assecutus
700 2113 792 2163 sunt
827 2098 939 2181 quod,
1053 2145 1063 2160 .

41 2231 172 2300 quantun
192 2219 250 2288 alii
277 2213 482 2295 existiment,
503 2210 635 2294 nescio,
656 2211 736 2278 mihi
762 2228 845 2280 certe
871 2215 940 2286 exi.

38 2353 126 2418 quun
144 2337 280 2404 ridetur.
325 2330 424 2420 Quod
440 2349 516 2396 veru
538 2329 708 2397 maximum
730 2345 803 2413 est,
829 2349 868 2402 ex
891 2335 939 2399 ιι.

36 2449 133 2521 utun
154 2449 357 2526 canscientia
377 2445 519 2516 fructum
548 2443 655 2512 solatii
679 2447 751 2528 cepi
774 2463 868 2529 eunt,
899 2461 939 2516 ut

38 2582 106 2634 tetta
120 2587 167 2636 ne
190 2575 390 2636 sustentaret
407 2578 502 2643 spes,
524 2555 594 2626 iore
616 2575 672 2640 ut„
696 2559 726 2622 si
741 2575 780 2626 ex
803 2577 842 2624 eo
865 2575 937 2625 stu-

42 2684 84 2752 tio
104 2685 147 2751 nil
167 2680 384 2758 ternitteretq,
408 2671 510 2758 magis
537 2671 700 2758 magisque
722 2671 755 2736 in
782 2673 851 2740 dies
880 2692 940 2740 vo·

44 2815 130 2864 tunun
159 2810 309 2864 meorum
342 2787 504 2872 particeps
542 2785 657 2860 fierent.
710 2787 796 2862 Haec
828 2789 933 2872 igitur

44 2935 99 3000 spes
113 2909 374 2992 conscientiaque
394 2923 469 2973 cunr
493 2903 626 2986 efficiat,
649 2919 687 2968 ut
710 2918 833 2972 tantum
860 2904 939 2971 mihi
1029 2893 1032 2900 ⁴

46 3055 108 3104 arus
127 3030 249 3118 inponi
272 3023 402 3112 patiar,
430 3037 462 3090 et
484 3035 521 3094 ut
546 3039 634 3094 utens
661 3038 727 3086 mea
752 3033 820 3086 tata
845 3019 939 3090 unies

48 3147 80 3214 tit
101 3157 248 3231 utupata
273 3141 310 3209 in
339 3138 409 3222 ejus
437 3133 576 3206 muneris
601 3133 756 3218 gravitate
779 3151 953 3203 commen..

51 3271 137 3353 anda3
154 3271 245 3349 date,
271 3276 418 3346 quaeso,
439 3255 518 3322 tnihi
543 3254 624 3328 hanc
644 3252 790 3336 veniam,
820 3251 941 3326 Patriae

56 3379 148 3466 iata,
181 3397 211 3448 et
242 3371 370 3456 reliqui
400 3371 573 3444 Auditoree
607 3365 867 3450 Humanissinri‚
899 3383 939 3442 ut

63 3519 139 3570 nutu
151 3515 346 3588 receptum,
368 3489 497 3576 quoii,
520 3489 576 3570 qui
595 3484 731 3554 docendi
749 3505 866 3556 munus
882 3508 941 3556 au·
1031 3557 1038 3568 ,

59 3617 193 3704 spiciatur,
217 3621 262 3696 de
280 3612 400 3693 aliquo
425 3625 464 3673 ex
487 3625 545 3673 sua
569 3603 741 3688 disciplina
761 3604 863 3689 capite
880 3601 941 3673 du·

56 3745 95 3807 ctt
114 3749 137 3815 a
153 3735 319 3818 nuditer
353 3724 545 3809 disputant,
576 3721 662 3796 nunc
694 3719 793 3817 igitur
819 3739 939 3802 notens

604 3883 609 3892 ·
892 3853 947 3916 tn·
