2348 4716
125 323 369 402 tustotttstt
393 319 459 396 dn
481 317 619 398 STUD.
642 321 832 412 ututur.
887 343 954 418 oss
1048 371 1052 381 ·

36 541 82 604 te,
101 539 162 589 nou
177 519 214 585 rb
230 519 308 586 aliis
327 516 476 602 corrigi,
497 515 629 584 voluntt
654 513 714 599 qui
732 519 944 587 solimorum

36 638 88 706 toi
116 649 321 721 potettorum
362 632 488 698 conscii
520 651 590 698 esse
628 633 799 716 cupiunt,
833 648 946 706 testem

41 752 284 838 dinnquemvis
312 750 502 834 repudiante
527 749 607 830 qtti,
628 750 819 832 deprehensi
844 730 947 818 inde·

49 875 157 954 meost,
181 871 257 954 ipsa
283 867 421 950 pudoris
440 867 475 933 vi
494 867 535 930 td
558 838 947 948 inpudentiam‘conteri.

59 1005 161 1068 tm,
187 984 315 1052 fretum
357 981 508 1050 omnibus
540 980 721 1048 rationibus
749 980 949 1068 defendunt,
1051 1041 1056 1052 .

71 1123 110 1187 rt,
124 1123 147 1172 tt
162 1104 287 1192 iudicio
311 1103 417 1188 egisse
441 1075 631 1182 videantur,
653 1101 716 1170 hoe
739 1102 876 1170 maxime
898 1117 949 1170 ar·

73 1217 318 1305 mmeffieere
338 1233 373 1282 se
392 1228 530 1298 putant,
554 1211 717 1280 olfactum
738 1215 817 1282 idem
835 1217 951 1288 iterent

66 1347 243 1422 ttepetant.
291 1323 339 1400 Iu
359 1327 504 1416 generosi
523 1330 617 1394 etiam
641 1345 865 1412 pervertuntur
882 1333 951 1400 ani·

57 1456 273 1535 uirtutium,
307 1451 397 1534 quod
425 1462 516 1514 antea
547 1445 677 1512 tnininte
714 1447 950 1530 probauerant,

52 1572 166 1654 probare
188 1566 342 1654 paulatim
365 1565 520 1644 discunt,
541 1579 640 1646 seque
666 1563 730 1646 ipsi
755 1563 789 1631 in
814 1579 952 1633 errorem

53 1701 77 1750 tt
93 1686 234 1770 petundi
258 1682 523 1752 consuetudinem
553 1680 746 1766 conjiciunt.
798 1680 887 1769 Qui,
919 1681 950 1753 si

59 1821 213 1885 opportune
231 1803 270 1868 ad
296 1797 477 1866 Historiam
504 1796 633 1864 adducti
649 1797 811 1881 fuissent,
833 1818 952 1884 sponte

56 1913 182 1987 maleno
199 1919 347 2000 exemplo
373 1907 444 1981 vitii
468 1914 525 1980 sui
542 1909 774 1996 turpitudinem
800 1920 953 2004 egrotis.

52 2050 132 2114 arnt,
149 2051 176 2100 tt
188 2035 223 2100 in
240 2028 384 2098 Virtutis
403 2031 488 2097 viam
514 2019 695 2096 rediissent.

91 2152 124 2218 st
139 2155 196 2236 quis
223 2154 258 2220 in
284 2150 419 2219 caverni
443 2143 613 2234 habitans,
645 2171 819 2236 numquam
847 2141 949 2228 exet'

62 2273 182 2354 prodeat,
201 2257 259 2338 sed
284 2269 366 2335 elios
395 2267 434 2334 ad
458 2267 678 2350 prodeundum
705 2269 892 2356 hortantes,
917 2282 964 2344 et'

58 2389 192 2458 exterioris
219 2386 307 2455 lucis
338 2383 560 2465 liberiorisque
591 2402 684 2451 aurae
714 2379 948 2470 jucunditatem

57 2500 215 2590 laudantes,
240 2503 388 2590 repudiet
409 2520 444 2567 ac
467 2500 621 2584 repertu,
643 2519 749 2568 nonne
768 2505 889 2588 istum,
912 2521 953 2578 ut

55 2622 189 2692 lenissime
202 2619 372 2700 dicamus,
390 2615 526 2682 stultum
543 2607 765 2698 appellemus?
783 2605 854 2701 Jatn
873 2639 954 2688 noo·

54 2753 90 2804 ttr
114 2739 230 2806 mimus
263 2731 411 2800 habitans
436 2725 470 2797 ln
496 2741 633 2812 corpore
655 2745 813 2812 tamquam
842 2733 877 2798 in
899 2753 954 2801 ca.

55 2851 150 2935 rent,
168 2847 342 2919 adstrictus
361 2864 424 2913 suo
441 2839 578 2928 tempori
595 2861 626 2910 et
644 2845 742 2926 loco,
758 2864 858 2926 quum
869 2843 953 2930 'pos-

57 2969 88 3032 tit
106 2963 173 3038 laet
198 2982 331 3034 ttaturae
356 2961 495 3028 claustra
518 2953 733 3045 perfringere,
755 2979 852 3044 seque
873 2983 952 3047 pro·

59 3085 119 3152 lette
138 3083 244 3155 intlia
260 3085 334 3151 loca
352 3098 389 3164 ae
416 3095 577 3163 tempora,
600 3079 629 3146 si
653 3081 736 3147 nolit
761 3081 824 3147 hoc
850 3076 953 3154 facete

65 3203 155 3268 uriae
173 3203 286 3268 ducem
314 3197 402 3262 ultro
425 3213 461 3262 se
485 3193 667 3262 offerentem
693 3197 859 3280 repudiet,
882 3219 951 3281 quo

70 3315 238 3382 meunt
263 3312 398 3380 nomine
414 3311 637 3393 appellemus?
683 3313 786 3396 Atqui
804 3313 898 3384 offert
914 3339 954 3388 ss

75 3427 260 3501 tt'uonostro
278 3433 349 3498 dux
371 3429 470 3514 hujus
489 3427 560 3498 riae
580 3427 750 3513 Historia,
773 3449 953 3514 repraesen-
1024 3427 1032 3444 ‘

74 3547 162 3615 ilotili
177 3547 356 3636 praeterito
371 3537 514 3629 tempora
536 3547 761 3633 disjunctaque
777 3549 868 3634 loca,
892 3555 950 3626 ubi

71 3661 180 3738 tdotier
208 3669 283 3736 sito
307 3663 486 3748 prospiciat
512 3664 696 3730 seculorum
720 3666 952 3752 regionumque

63 3785 283 3866 tourrsiones,
323 3796 362 3846 to
379 3781 553 3869 ,repleatur
577 3779 764 3866 cognitione
795 3805 870 3855 eost
898 3789 954 3871 ju-

871 3923 956 3974 etun·
