2572 4710
251 323 299 446 93
318 299 859 422 aanor.2xno'.c1a.ntur.
873 339 936 414 oa
952 299 1070 416 suan
1083 355 1174 422 aas

252 543 398 616 unimus.
441 533 550 624 Quare
572 549 644 600 cum
667 531 842 616 genuinum
866 529 1031 600 Plutarchi
1053 529 1179 624 foetum

255 677 349 740 aare,
386 671 447 722 nec
491 667 553 735 ego
589 647 727 732 dubito,
767 665 825 715 nec
859 648 943 716 alios
975 648 1181 716 dubitaturos

251 772 399 843 confido.

299 885 450 968 Denique
480 881 694 966 fragmentum
724 881 920 966 adjecimus,
958 881 1070 965 quod,
1105 897 1181 947 cum

254 1001 428 1084 hueusque
455 999 488 1065 in
515 997 654 1064 Stobaeo
677 999 740 1064 sub
768 997 943 1066 Themistii
970 995 1101 1064 nomine
1120 996 1184 1064 cir·

253 1118 487 1200 conferretur,
509 1137 571 1186 nos
592 1117 783 1187 certissimis
808 1115 990 1185 rationibus
1006 1093 1195 1183 Plutarcho‘

255 1209 507 1302 vindicavimus.
557 1227 612 1299 ho
636 1231 700 1300 hoc
730 1231 960 1301 emendandum
982 1231 1091 1300 coium
1116 1225 1185 1296 fere

255 1329 466 1414 'n‘dhthuimus
490 1343 668 1429 ingenium.
711 1343 797 1415 Nam
823 1344 984 1416 Stobaeua
1005 1343 1186 1412 Bibliothe-

257 1467 316 1534 'cac
340 1461 533 1545 Leidensis,
555 1462 611 1529 cui
635 1463 682 1533 H.
708 1461 847 1532 Grotius
871 1463 920 1532 ex'
938 1465 1067 1533 duobus
1094 1463 1185 1548 opti·

259 1581 327 1649 nis
345 1579 500 1649 Parisinis
519 1576 627 1647 histis
640 1581 796 1648 lectiones
811 1581 1046 1664 adscripscrat,
1067 1578 1107 1647 ad
1120 1579 1186 1652 hoc

259 1695 391 1783 quidem
413 1680 627 1780 fragmentum
650 1714 762 1780 parum
785 1677 939 1784 contulit.
976 1699 979 1706 ⁴

155 1819 160 1826 “
263 1832 267 1906 j
302 1811 457 1882 Ceterum
481 1831 556 1879 cum
581 1828 693 1880 nostra
716 1831 813 1898 opera
837 1831 877 1879 eo
901 1801 1047 1896 spectet,
1069 1822 1107 1875 ut
1131 1825 1193 1878 no·

258 1947 322 2002 vae
338 1927 491 1998 editionis
509 1927 677 1995 Plutarchi
692 1927 862 2008 specimen
878 1922 1102 2007 exhibeamus,
1125 1923 1192 1994 hoc

261 2046 396 2138 publice
419 2047 564 2130 spondeo
590 2059 621 2110 et
643 2043 823 2129 polliceor,
846 2043 876 2112 ai
897 2041 1047 2114 homines
1070 2043 1192 2146 eruditi

261 2159 398 2245 mgnum
419 2157 564 2243 judicent
587 2157 815 2241 Plutarchum,
838 2158 897 2243 qui
917 2177 995 2226 auae
1017 2159 1085 2226 luci
1099 2160 1195 2227 resti·

262 2269 397 2358 tuctur,
419 2290 452 2340 et
467 2292 519 2341 me
533 2273 610 2342 huic
627 2275 814 2358 provinciae
837 2293 968 2360 parem,
990 2295 1040 2342 me
1062 2294 1193 2345 omnent

264 2411 376 2462 tunam
402 2406 499 2475 atque
518 2390 715 2478 diligentiam
732 2391 762 2460 ei
778 2392 977 2461 tributurum
1002 2407 1099 2477 atque
1113 2411 1197 2459 con·

264 2493 485 2591 &emturum
523 2526 558 2574 ea
592 2509 721 2592 quidem
758 2509 852 2595 iege,
888 2525 926 2578 ut
954 2528 1005 2576 me
1030 2509 1194 2578 bonorum

265 2603 441 2696 bistonum
463 2625 620 2694 subsidiis
647 2627 821 2716 adjuvent,
844 2627 914 2696 sine
937 2626 1058 2712 quibus
1073 2644 1105 2696 et
1122 2631 1200 2715 poi·

266 2743 361 2818 liceri
376 2742 455 2828 quid
471 2761 589 2810 vanum
601 2721 672 2826 est,
695 2759 727 2812 et
745 2759 865 2812 tentare
879 2740 1095 2813 temerarium.
1139 2741 1200 2814 Tu

265 2853 396 2934 interim
415 2857 456 2929 B.
479 2857 524 2928 L.
546 2857 599 2942 hia
629 2857 756 2948 fruere,
786 2860 947 2950 nobisque
978 2857 1062 2932 fave.
1104 2859 1202 2939 Vale.

270 2970 340 3048 Aa.
359 2973 617 3048 MDCCLXXI.
736 2971 763 2978 ”
893 2979 896 2986 “
