2470 4724
125 279 127 284 ’
225 303 368 378 vrrs
391 293 810 374 unumunurn:
921 305 998 396 gs,

51 493 229 577 Britanni,
252 483 447 576 quibuscum
476 489 697 555 Ruhnkcnius
720 485 896 559 amicitiam
911 491 990 581 jun·

51 614 127 697 xit,
149 625 182 678 et
201 619 316 692 postca
337 605 453 671 absens
468 617 654 670 constanter
667 605 794 672 coluit:
819 609 917 690 altit,
933 612 991 680 Sa·

48 729 143 795 muel
181 721 421 806 Musgravius,
454 720 509 804 qul
546 717 694 808 Medicas
732 722 792 788 arti
822 723 992 798 discendae

50 859 191 929 operam
215 838 333 905 dabats
354 837 456 917 alter,
479 833 625 903 Thomas
654 835 889 922 Tyrwhittus‚
911 841 993 914 benc

50 969 173 1051 dives,
197 963 291 1048 genio
309 973 340 1027 ct
360 960 489 1026 literato
507 961 748 1045 obsequebatur
762 965 856 1047 otio,
878 980 934 1050 et,
952 981 992 1036 ut

51 1099 127 1151 crat
151 1077 434 1164 ingeniosissimus
460 1076 686 1160 elegantiarum
710 1079 808 1163 judex
836 1093 867 1145 et
892 1080 993 1147 aesti-

51 1213 183 1278 mator,
213 1192 384 1264 Musarum
417 1190 632 1274 Sirenumque
657 1193 780 1260 cultum
806 1195 850 1262 ita
872 1197 991 1283 iunge·

48 1318 133 1397 bat,
156 1325 212 1395 ut,
238 1310 386 1392 utrisque
410 1321 543 1392 gratus,
565 1321 776 1392 utrarumque
798 1312 988 1381 muneribus

48 1429 227 1498 frueretur.
271 1457 277 1472 ·

95 1543 287 1614 Ruhnkenii
317 1541 463 1609 doctrina
491 1559 592 1625 quum
627 1540 777 1608 Lutetiae
793 1527 871 1609 'non
903 1553 989 1613 esset

49 1663 217 1742 obseura,
234 1659 366 1726 miretur
384 1655 458 1739 q'uis
475 1677 547 1724 eum
563 1677 630 1725 non
648 1659 681 1724 in
700 1659 889 1728 sodalitium
904 1658 990 1725 Aca·

49 1781 178 1851 demiae
192 1781 444 1863 inscriptionum
464 1777 567 1848 fuisse
583 1781 754 1850 adscitum.
784 1781 886 1866 Atqui
902 1783 987 1850 idem

49 1899 134 1984 quis
148 1899 282 1964 miretur
297 1898 335 1962 de
350 1893 619 1980 Hemstetitusio,
639 1896 880 1982 Wesselinglo,
892 1897 990 1967 Valc-

47 2014 210 2098 kenario‚
234 2011 374 2095 aliisque
397 2012 513 2095 exteris
534 2013 567 2079 in
591 2014 654 2078 hoc
674 2029 786 2096 genere
803 2013 989 2080 excellenti·

46 2131 117 2199 bus
144 2129 239 2202 viris.
292 2113 397 2196 Tales·
416 2118 541 2194 eutetos
573 2128 723 2212 ignorant
752 2127 816 2194 fere
840 2127 988 2212 plerique

52 2251 184 2323 sodales
203 2247 271 2316 itti:
296 2247 360 2315 nisi
380 2247 410 2316 si
431 2247 537 2329 quiin
555 2246 607 2310 iris
624 2245 744 2315 Litctis
762 2265 866 2311 veram
882 2261 988 2330 gratu·-

52 2361 215 2434 maticam‘
236 2363 444 2447 criticumque
471 2363 623 2429 rationem
648 2377 850 2444 sequuntur,
876 2365 992 2449 cujus·

52 2481 145 2552 ntodl
172 2481 275 2547 adhuc
304 2493 382 2548 sunt
410 2479 442 2545 io
460 2479 574 2561 primia
594 2479 822 2559 Vilioisonus‚
845 2479 989 2546 Larcbo·

51 2613 131 2675 rus,
154 2591 418 2664 Sanctoctucius.
464 2591 583 2676 Neque
598 2609 676 2659 veto
689 2591 908 2660 Ruhnkenius
927 2593 990 2656 itu·

51 2713 111 2798 jus.
130 2711 283 2804 honorem
305 2709 445 2776 sodalitii
463 2709 654 2791 quaerebat,
674 2707 752 2788 qui,
778 2707 990 2774 ilemstetbu-
1075 2771 1077 2778 .

54 2827 100 2895 sii
123 2825 453 2908 doctissimorumque
468 2823 661 2890 Batavorum
672 2823 843 2904 'exemplo‚
860 2841 990 2892 omnem

55 2941 305 3008 ostentationem
331 2952 363 3007 et
384 2939 554 3024 gloriolam
581 2938 717 3006 odisset.
762 2935 848 3002 Nam
873 2951 989 3021 postea

53 3065 183 3130 demum
201 3064 263 3130 ista
276 3061 390 3146 opinio
408 3077 444 3126 ac
463 3059 587 3128 vanitas
606 3073 794 3127 nostrorum
814 3059 986 3126 hominum

52 3180 183 3250 animos
199 3177 332 3258 infecit,
348 3193 385 3244 ut
401 3195 439 3245 eo
457 3197 492 3244 se
506 3177 665 3244 beatiores
685 3175 903 3259 arbitrentur,
918 3195 987 3258 quo

52 3293 200 3379 plurium
225 3291 448 3361 sodalitiorum
477 3291 596 3359 titulos
616 3291 685 3358 suis
703 3289 894 3358 nominibus
911 3289 992 3356 sub·

53 3409 214 3479 scribant.

120 3519 337 3592 Ruhnkenius
371 3542 410 3591 co
443 3523 585 3590 consilio
619 3520 785 3589 Lutetiam
821 3505 991 3606 profectus
1051 3541 1053 3546 ·

54 3651 144 3718 etat,
164 3653 201 3707 ut
220 3639 423 3722 perlustratis
443 3639 513 3724 ejus
532 3637 623 3704 urbis
638 3635 850 3702 bibliothecis
869 3635 994 3704 orons

66 3771 130 3836 que
146 3753 318 3822 codicibus
340 3752 473 3837 scriptis
490 3753 637 3818 excussis
658 3749 900 3833 excerpsimus,
918 3767 995 3834 por·

66 3885 106 3940 ιο
128 3867 320 3961 Hispaniam
338 3881 484 3958 peteret,
507 3867 715 3955 umdemque
737 3881 865 3958 uquam
890 3863 926 3930 in
949 3860 999 3925 bi-

378 3989 381 3996 ’
732 4021 735 4028 ·
916 3967 1003 4047 utto.
