2562 4708
991 143 998 174 t

165 285 166 290 ‘
223 243 295 375 ssa
350 287 639 369 'nmnrnrro
659 287 817 374 rnrrts
839 281 1002 375 nonni

226 483 296 558 tute
314 487 412 574 perit.
449 486 562 571 'igitur
578 487 663 555 inter
689 500 862 574 utrumque
881 495 988 576 genus
1012 488 1159 565 medinm

227 605 390 689 quoddam
416 614 523 670 tenere
543 605 679 687 studui3
705 623 742 672 ιιι
760 606 800 672 nb
818 605 876 673 illo
892 608 1060 676 doctrinae
1083 609 1161 676 dili·

228 727 391 818 gentium,
423 725 463 794 ab
493 719 739 794 boc'novitatis
764 727 917 814 gratiam,
948 718 1157 802 assumerem«

225 849 396 936 Quantum
415 857 615 911 consecutus
633 845 719 928 sim,
743 843 799 912 aiii
821 839 987 931 indicente
1010 865 1071 931 ego
1090 865 1158 916 ter·

226 977 265 1041 te
283 961 533 1046 Thucydidcum
553 961 635 1026 iliud
656 961 733 1027 mihi
757 963 937 1046 proposui,
959 961 1054 1030 liceat
1069 961 1158 1034 enim

226 1099 326 1167 parva
348 1075 473 1162 magnis
496 1072 662 1157 conferre,
687 1091 724 1142 ut
746 1051 901 1144 nontam
931 1083 1096 1165 crosone
1113 1079 1160 1162 rie

226 1197 266 1268 ri
282 1193 397 1280 παρόν,
420 1189 649 1277 quarnerius
672 1196 719 1271 ric
747 1193 801 1262 dei
829 1189 1033 1264 conficerem.

229 1303 446 1390 Ceterum,
469 1307 631 1390 novitate,
662 1309 728 1390 qud
748 1307 930 1394 legentibus
952 1312 1158 1420 voluptatem

229 1425 442 1511 quaerebam,
457 1423 564 1490 mihi·
555 1441 625 1508 ipse
644 1411 835 1492 molestias
826 1426 946 1494 tnvmri
976 1427 1066 1514 Quid
1081 1413 1158 1496 aliis

228 1542 370 1611 accidere
386 1539 510 1620 soleat,
532 1537 655 1604 nescio
700 1537 775 1622 Ego
792 1537 988 1606 novissimos
1004 1523 1158 1624 quosque

224 1655 264 1726 ‘in
285 1656 348 1722 hoc
377 1671 489 1739 genere
506 1651 611 1720 libros
628 1653 749 1739 legere,
773 1665 804 1718 et
820 1653 860 1720 ad
875 1665 997 1721 certum
1016 1655 1109 1738 quasi
1126 1665 1160 1722 ct

136 1855 139 1866 ¹
226 1775 456 1860 praestitutum
488 1769 654 1838 Censurae
684 1783 813 1854 tempus
840 1770 968 1855 legere,
999 1779 1158 1855 coactus,

226 1889 418 1959 incredibile
440 1901 489 1954 est
512 1901 667 1970 quantum
691 1903 784 1970 saepe
806 1887 905 1953 taedii
923 1887 1155 1959 devoraverint,

229 2006 390 2078 itaenim
416 2022 527 2072 seres
555 2005 672 2087 habet,
704 2015 741 2069 ut
766 2005 817 2071 vei
850 2001 1009 2088 optimum
1036 2005 1158 2076 librum

233 2124 354 2212 quovis
377 2135 520 2206 tempore
542 2121 667 2204 legere,
698 2137 756 2186 nec
779 2119 897 2202 libeat,
931 2139 989 2188 nec
1012 2126 1158 2208 placenta

232 2243 348 2315 nedum
376 2239 483 2305 minus
504 2237 635 2319 bonos,
658 2255 797 2319 quorum
823 2249 872 2304 est
891 2240 993 2326 major
1011 2241 1161 2309 multitu-

223 2361 296 2442 do,
328 2375 411 2440 quos
437 2373 477 2420 ne
501 2353 729 2438 attingeremus
759 2353 909 2444 quidem,
941 2353 1005 2423 nisi
1041 2377 1159 2424 censo

224 2471 279 2574 ria
282 2473 472 2592 provincia
497 2471 718 2540 necessitatem
742 2472 932 2558 imponeret.
977 2469 1053 2542 Huc
1075 2475 1160 2548 iliud

231 2599 326 2670 etiam
359 2589 572 2679 injucundum
605 2587 793 2670 accedebat,
827 2587 916 2694 quod
948 2587 1093 2676 Critica,
1117 2585 1159 2661 nd

230 2729 351 2782 certum
374 2708 495 2776 iibrum
521 2703 695 2786 adstricta,
725 2721 785 2770 nec
806 2721 953 2787 campum
979 2708 1160 2790 reperiebat
1209 2729 1213 2736 ·

231 2825 292 2894 nbi
314 2820 446 2888 liberius
468 2829 664 2898 excurreret,
694 2833 752 2882 nec
781 2817 874 2885 locos
900 2817 980 2888 satis
1003 2815 1159 2908 frequen-

232 2961 282 3013 tes
303 2939 361 3006 ubi
386 2939 465 3004 alias
487 2933 790 3002 Animadversiones
812 2951 1023 3018 expromeret.
1068 2939 1159 3026 Qua⁴

232 3079 287 3141 re,
310 3069 346 3121 ut
369 3055 446 3134 huic
467 3051 674 3118 incommodo
692 3065 901 3135 occurratur,
924 3051 963 3120 ab
982 3054 1042 3120 ista
1060 3060 1158 3125 novi·

230 3175 309 3243 tatis
337 3173 408 3256 lege
442 3167 642 3250 aliquantum
674 3169 897 3248 remittemus,
927 3185 963 3234 ac
994 3163 1159 3260 subinde,

228 3287 283 3356 Tc
307 3286 457 3370 quidem,
478 3281 756 3350 Praestantissime
776 3281 947 3362 Fonteini,
972 3286 1158 3368 approban-

172 3485 174 3497 γ
231 3421 286 3488 te,
309 3406 548 3488 interponemus
568 3420 642 3467 cum
662 3403 803 3470 Crititss
825 3403 989 3472 Diatribas
1009 3406 1043 3472 in
1061 3407 1160 3478 Vere·

232 3540 284 3591 res
303 3523 487 3602 Auctores,
507 3532 577 3584 ιιιιιι
599 3519 736 3588 ineditas
753 3523 933 3586 eorumdem
956 3524 1155 3612 particulas,

231 3637 508 3719 Observationes,
531 3635 802 3718 Emendationes,
824 3637 965 3722 aliasque
984 3639 1084 3730 hujus
1101 3663 1161 3731 ge

157 3775 162 3790 ’
230 3757 317 3824 neris
344 3751 558 3834 scriptiones:
593 3751 694 3819 veluti
726 3771 813 3819 nune
843 3754 1020 3839 adjecimus
1046 3759 1160 3842 Speci

222 3849 302 3940 'meu
319 3865 545 3970 Plutarcheum
565 3881 597 3934 ct
616 3855 928 3939 Animadversioncs
930 3859 1106 3958 julianeas.

1085 3983 1160 4074 Jam
