2508 4712
219 325 358 408 irus
386 325 439 408 D·
475 317 832 410 kunnun-urs*
914 335 984 424 dra

52 522 146 596 omni
182 516 351 599 Historia,
388 529 484 598 qustn
510 508 623 593 nosti,
653 513 856 590 detrahamus
869 540 993 605 porro.

51 641 241 719 saussaium
267 631 500 716 cognitionem.
551 629 589 697 P.
613 629 692 697 Non
723 649 856 710 possum
887 655 978 721 repu.

53 769 172 838 gnere:
195 752 250 816 sed
267 750 329 821 hoc
345 762 450 816 tamen
466 745 606 848 affirmo,
628 763 690 817 nos
708 745 870 828 reliquas,
893 769 982 832 prae·

52 887 105 940 ter
125 872 236 938 iiissi
267 879 488 950 reexceptas,
511 883 621 936 omnes
649 881 698 938 res
724 879 890 935 tractasse.
936 870 978 942 R.

50 986 147 1068 Ergo
160 986 198 1050 de
212 983 304 1062 aliis,
327 998 409 1066 quae
421 979 590 1060 didicisti,
612 993 723 1044 nsrrsa
748 994 827 1061 aut,
849 981 877 1054 si
895 980 981 1050 sorte

51 1113 189 1184 propter
207 1096 446 1164 multitudinem
459 1109 563 1184 rerum
579 1095 684 1165 nescis
697 1093 778 1164 unde
794 1094 922 1166 initium
932 1097 980 1164 fa.

52 1213 147 1292 nias,
168 1212 220 1278 dic
239 1210 347 1292 ipsum
368 1209 496 1284 initium
514 1205 678 1282 Historiae
699 1209 861 1290 quodnam
880 1191 976 1287 nobis

48 1327 109 1396 sit.
155 1327 193 1395 Ρ.
217 1323 490 1402 Greatiomundi.
535 1322 580 1394 R.
602 1325 651 1390 De
671 1324 857 1400 hominibus
879 1345 910 1398 et
931 1349 977 1398 rs.

51 1445 117 1508 bus
142 1439 291 1507 humanis
318 1458 450 1520 quaero.
493 1440 530 1510 P.
553 1440 650 1506 Primi
676 1441 822 1514 homines
847 1441 980 1515 fuerunt

48 1557 198 1624 Adamns
215 1569 247 1620 et
263 1555 354 1636 Eva,
379 1575 464 1638 quos
483 1557 574 1622 Deus
600 1567 691 1622 sexto
705 1556 756 1624 die
777 1557 816 1624 ad
832 1558 885 1624 sui
899 1559 977 1628 inra-

48 1672 160 1758 ginem
180 1669 530 1753 creauit,iu·Paradiso
549 1670 722 1738 collocavit
740 1671 850 1750 ,unde
867 1689 979 1756 postes

49 1761 185 1866 expulsi
199 1783 391 1852 sunu-R.
412 1785 492 1852 Noii
512 1787 604 1867 plura
621 1787 751 1852 addere:
770 1785 984 1870 intelligo,te

46 1901 196 1966 libellum
221 1900 359 1982 aliquem
384 1913 513 1966 strenue
537 1914 569 1964 et
602 1901 782 1970 memoriter
806 1902 978 1974 didicisset

45 2014 106 2082 dic
127 2016 273 2080 universe
287 2016 327 2080 do
341 2013 463 2096 quinus
482 2013 669 2086 hominibus
687 2013 847 2096 rebusque
868 2018 980 2096 deinde

45 2144 82 2194 te
98 2127 257 2195 docuerit.
300 2128 339 2194 P.
356 2127 405 2194 De
420 2127 537 2194 Adami
553 2127 715 2209 posteris,
731 2129 770 2196 de
783 2128 976 2204 Patriarobis

45 2245 126 2310 ante
144 2256 269 2325 etpost
292 2241 473 2322 diluvium,
497 2241 630 2312 omnino
647 2240 832 2326 deJudaico
847 2250 974 2332 populo

46 2357 213 2438 usquead
233 2356 303 2438 ejus
327 2354 538 2429 eversionem·
580 2353 623 2424 R.
647 2354 754 2442 Qusre
773 2359 877 2434 credis
896 2364 976 2432 haee

46 2475 94 2538 ira
113 2471 242 2549 fuisse,
266 2479 304 2534 ut
326 2467 493 2536 didicistii
535 2469 572 2541 P.
597 2470 682 2555 Quia
697 2472 823 2554 prodita
843 2491 923 2546 sunt
939 2480 975 2551 in
1050 2493 1058 2504 ·

46 2585 143 2664 libris
177 2583 299 2663 sacris,
328 2583 537 2666 inspiratione
563 2583 683 2652 divina
737 2585 781 2657 R.
816 2589 869 2656 An
898 2609 975 2660 vero

44 2704 142 2768 otiam
161 2701 325 2766 Romanae
337 2697 500 2779 aliaeque,
519 2717 599 2778 quas
615 2700 780 2779 didicisti,
804 2719 876 2782 res,
899 2724 976 2786 pro-

46 2817 134 2884 ditae
150 2829 227 2880 sunt
239 2812 273 2880 in
291 2812 391 2879 sacris
413 2809 531 2879 iibris‘i
574 2809 612 2876 P.
637 2808 715 2884 Non
731 2829 820 2878 sane.
866 2816 909 2883 R.
927 2819 977 2900 iit·

46 2947 154 2998 tamen
179 2947 231 2994 eas
257 2927 333 2994 item
348 2924 464 2996 crectis.
508 2923 545 2997 P.
569 2921 691 3010 Quidni
719 2927 870 3000 credam?
894 2946 975 3004 sunt

44 3046 143 3114 euim.
161 3042 307 3126 proditae
323 3040 360 3108 in
374 3039 446 3106 aliis
475 3037 567 3104 libris
592 3036 655 3106 fide
678 3039 798 3120 dignis.
842 3042 978 3121 mee.

45 3163 112 3242 do,
136 3155 198 3225 hos
224 3157 339 3223 iibros.
381 3155 418 3220 P.
449 3152 610 3236 Magistra
634 3166 745 3227 nostra
769 3156 852 3224 duos
878 3160 972 3228 habet

45 3273 200 3344 Francius
225 3272 336 3354 lingua
358 3267 521 3352 scriptos:
543 3269 677 3340 aiterum
695 3285 852 3350 pansum,
876 3291 973 3355 quem

46 3390 224 3460 ediscimus
238 3399 270 3452 et
285 3381 474 3454 recitamusr
498 3381 631 3451 aiterum
652 3401 826 3467 magnum,
847 3389 996 3484 aliquot,

44 3503 294 3581 voluminibus,
305 3516 355 3566 ex
370 3515 437 3580 quo
453 3494 548 3568 uobis
564 3497 700 3566 subinde
715 3503 881 3586 praelegit.
927 3509 973 3586 R,

43 3623 102 3688 An
117 3619 218 3702 igitur
239 3614 414 3698 scriptores
443 3611 558 3684 horum
584 3611 721 3686 duorum
740 3613 896 3686 librorum
910 3622 975 3706 ipsi

44 3733 265 3801 interfuerunt
288 3729 383 3796 rebus
411 3745 492 3812 quas
520 3725 674 3796 narrem?
727 3726 764 3796 P.
796 3731 972 3818 fisndqua«

46 3865 162 3954 porrus
184 3857 350 3918 namsunt
365 3841 579 3920 recentiores,
599 3855 632 3906 et
649 3855 759 3920 nostra
777 3847 826 3926 vei
842 3866 972 3932 patrum

393 3979 395 3984 ·
492 3954 611 4056 Qus
907 3977 975 4042 me·
1085 3995 1088 4002 ·
