2562 4708
283 381 350 473 ¹96
378 330 668 449 (stennone
689 365 739 443 tn
757 359 821 444 nn
842 351 1106 444 nmtolcn·

283 565 371 642 nihil
392 567 569 649 estalittd,
589 553 655 632 nisi
671 561 840 632 Historiae
863 576 919 630 ant
933 561 979 628 ita
998 571 1072 630 cum
1093 559 1244 659 Histoe*

280 688 330 755 tia
346 688 541 770 conjuncta,
564 696 624 765 ut,
646 679 675 746 sl
690 693 777 748 caret
796 679 990 763 Exemplis,
1012 677 1228 746 scholastico

281 802 499 888 ait,je1una‚
522 813 768 881 supervacanea.
810 793 888 862 'libi
910 795 999 862 intus
1024 805 1104 862 calle
1131 793 1226 881 rigi·

281 920 322 988 dr
345 929 377 984 et
402 917 538 982 adducta
556 914 612 980 illa
632 912 800 978 Virtutum
819 927 954 996 genera,
980 921 1120 994 quorum
1144 927 1221 978 usu

280 1045 313 1099 et
335 1029 543 1116 possessione
577 1025 764 1095 felicitatem
797 1025 925 1095 definis
979 1024 1075 1094 Nihil
1108 1027 1222 1098 nobis

269 1143 473 1230 nujusnool
493 1142 682 1225 persuadere
706 1141 850 1226 poteris,
872 1142 937 1208 nisi
958 1153 1063 1208 rerutn
1087 1155 1221 1209 eventu

280 1276 313 1330 ct
333 1259 501 1328 hominum
526 1255 621 1324 lactis
646 1260 796 1324 ostendes
824 1260 905 1341 quid
925 1249 1033 1342 possit
1056 1257 1124 1342 pati
1148 1259 1221 1324 hu·

280 1391 372 1442 matta
389 1373 562 1455 condition
581 1371 711 1440 minime
731 1385 810 1441 nota
828 1373 969 1458 illisqui
986 1377 1086 1458 pallio
1102 1375 1220 1444 inclu-

229 1545 231 1550 ,
280 1489 313 1559 ai
338 1489 421 1558 intra
446 1486 581 1571 parietes
607 1485 893 1572 philosophantur.
944 1489 1032 1576 Quid
1058 1491 1126 1557 lieri
1153 1493 1219 1560 dc·

279 1605 377 1688 beat,
411 1604 588 1670 oscitantes
612 1601 775 1672 audimus.
817 1607 863 1670 At
889 1622 987 1687 quum
1016 1606 1050 1672 ld
1076 1605 1214 1677 factum

278 1729 351 1791 c'sse
375 1715 605 1804 intelligimus,
628 1735 687 1786 nec
714 1719 783 1786 sine
806 1717 937 1802 fructu,
959 1738 1024 1788 eta
1041 1739 1220 1805 praestan-

277 1839 370 1908 tibus
387 1835 465 1906 viris
486 1833 629 1916 lactum,
651 1848 720 1901 tum
740 1849 815 1903 vero
829 1831 942 1905 studio
960 1847 1130 1906 mutemur
1150 1859 1213 1907 co·

277 1954 376 2028 nandi
392 1947 532 2033 similla,
552 1963 623 2020 tum
642 1945 853 2020 aemulatione
869 1951 1145 2026 exardescimus?

172 2053 176 2060 ’
320 2069 469 2137 Socrates
505 2064 609 2132 dicere
636 2066 782 2149 solebat,
811 2065 988 2150 perfectum
1023 2068 1087 2138 sibl
1118 2087 1218 2154 opus

276 2201 368 2266 csse,
397 2183 427 2250 si
453 2181 528 2265 quis
555 2184 634 2250 satis
666 2197 751 2249 esset
773 2181 957 2252 concitatus
984 2187 1024 2253 ad
1057 2188 1210 2258 studium

277 2301 520 2388 cognoscendae
553 2299 836 2385 percipiendaeque
871 2301 1013 2372 Virtutis
1028 2322 1042 2388 ς
1060 2301 1212 2386 *quibus

257 2419 365 2491 ¹eninr
382 2419 417 2486 id
439 2437 626 2504 persuasum
643 2434 750 2500 esset,
775 2432 812 2484 ut
820 2419 910 2486 nillil
932 2421 1059 2488 mallent
1076 2437 1112 2486 se
1129 2439 1211 2488 esse
1254 2401 1259 2406 ⁵

278 2555 375 2625 quern
398 2535 504 2604 bonos
531 2535 641 2618 viros,
662 2529 705 2603 lis
726 2537 876 2620 reliquam
899 2534 1024 2604 ftcllent
1047 2555 1118 2604 esse
1141 2537 1208 2608 do·

273 2654 425 2724 cuinam.
469 2653 553 2718 Vere
568 2651 702 2720 omnino
714 2652 779 2720 ille.
823 2651 928 2734 Nam,
951 2651 988 2720 itt
1003 2652 1036 2722 in
1051 2658 1204 2740 corpori·

273 2771 340 2842 bus
355 2773 424 2840 dno
436 2769 513 2836 haec
532 2779 732 2852 cernuntur,
751 2769 889 2854 primum
906 2787 1040 2855 motus,
1063 2774 1205 2844 alterum

275 2885 338 2956 lter
356 2897 389 2954 et
411 2886 542 2970 reputa,
573 2901 629 2953 seu
661 2878 819 2972 directio,
849 2887 894 2955 ita
919 2887 952 2956 in
979 2887 1097 2956 animis
1117 2889 1204 2957 duae

273 3011 355 3071 aunt
373 3015 506 3068 caussae
522 2994 693 3068 efficientes
712 3002 873 3084 Virtutis,
891 2993 1023 3086 q‘uarum
1042 3001 1131 3084 prior
1148 3017 1206 3072 est

272 3115 310 3184 in
332 3114 512 3184 voluntatis
537 3115 658 3198 impetu
685 3135 721 3182 tc
746 3113 879 3198 studio,
901 3116 1061 3200 posterior
1081 3115 1116 3182 in
1140 3117 1204 3186 vil

270 3243 307 3296 et
330 3243 534 3314 progressu·
569 3229 714 3314 Utraque
732 3247 868 3311 caussa,
892 3231 947 3296 sed
973 3225 1074 3312 magis
1100 3227 1203 3297 etiam

270 3345 367 3431 prior
386 3346 440 3412 ills
466 3346 663 3431 potiorque,
686 3344 906 3428 proficiscitur
927 3343 967 3409 ab
986 3342 1200 3428 intelligentia
1252 3409 1255 3414 .

271 3475 401 3544 rerunt,
430 3459 464 3528 in
492 3461 604 3546 primis
623 3460 886 3544 Exemplorum,
918 3458 1049 3541 quibus
1069 3461 1197 3528 animus
1256 3479 1257 3482 ’

269 3589 306 3647 ct
331 3576 488 3644 excitatur
520 3590 552 3642 et
578 3575 710 3642 ducitur
741 3575 782 3642 td
812 3572 986 3640 Virtutem.
1038 3574 1199 3660 Exempla

270 3709 372 3776 porro
400 3691 535 3758 maxime
558 3689 668 3756 valent
692 3706 765 3756 vcra
790 3705 821 3756 et
847 3688 1023 3758 historica:
1054 3709 1197 3774 quorum

267 3803 405 3876 efficacia
427 3824 445 3871 a
470 3823 547 3872 vero
572 3805 641 3889 ipsa
667 3801 813 3889 profecta
839 3823 948 3876 verum
975 3805 1059 3895 parit
1083 3806 1200 3894 cogni·

239 3959 244 3972 ·
269 3917 372 3990 uenis
394 3917 600 4006 actionisque
617 3919 776 3991 fructum.
1008 3899 1010 3906 ’

1116 4033 1196 4104 Erat
