2506 4712
253 323 387 394 utra
418 321 465 393 n.
506 311 839 398 uuuuruurl
902 314 1006 418 ’pru

59 513 396 594 aeternamque
419 511 602 590 salutate,
624 507 809 576 Ruhnlten'ii
833 510 927 595 luce,
946 528 1001 581 cau

60 631 209 699 rendum
225 643 297 692 esre
313 624 535 710 intelligerem.
564 623 668 690 Nolui
685 639 788 692 tamen
807 626 937 708 penitus
954 641 1002 694 ree

62 759 213 820 curuare,
241 740 405 824 flagitante
430 739 646 808 Ruhnkcnlot
681 755 776 822 grave
800 755 906 822 atque·
920 743 1002 809 adeo'
1060 735 1062 739 ⁴
1109 725 1111 732 ¹

64 855 226 940 religioni
251 856 394 936 ducant,
424 855 484 922 itae
509 871 567 938 ape
587 855 784 936 'simpliciter
810 869 847 920 et-
868 855 1003 922 omnino*

69 971 309 1056 praecidenda,
321 967 438 1052 optimi
453 969 563 1050 tenir,
577 969 660 1036 mihi
674 969 884 1054 patrislnatar
895 972 1006 1036 colen·

70 1087 137 1167 di,
157 1085 220 1171 iant
246 1086 311 1170 latu
330 1101 369 1152 ex
384 1085 442 1151 hac
460 1083 526 1151 vita
543 1083 710 1166 abeuntis,
734 1099 909 1152 almorum
927 1099 1007 1150 tem.

74 1217 148 1286 pua
170 1199 498 1281 tranquillitatemque
519 1201 658 1268 turbare.
703 1197 881 1284 Negotium
906 1218 1007 1266 voca.

74 1311 182 1386 tionis
200 1311 415 1379 intermissum
431 1333 505 1380 mor
521 1315 678 1380 abdicatis
695 1313 934 1396 curatoribus,
959 1314 1008 1380 lna

72 1441 261 1502 euocatum
286 1439 337 1492 est
351 1443 428 1510 pont
447 1427 637 1496 Ruhnkenli
654 1427 803 1510 obitum,
826 1428 936 1495 iisdem
962 1449 1009 1494 re-

74 1538 205 1622 stitutit
229 1555 338 1608 menae
364 1539 571 1610 Novembre:
612 1561 711 1624 quum
739 1545 932 1626 acciperent,
953 1545 1011 1612 ai·

71 1652 210 1736 ,quiden
245 1653 385 1723 oblatam
420 1657 599 1724 cathedram
629 1658 827 1740 acciperem,
858 1675 892 1720 se
925 1660 1014 1725 omni

80 1768 195 1841 studio
226 1767 313 1850 apud
337 1768 490 1838 Senatum
525 1769 735 1854 Reipublicae
757 1771 892 1836 llatarae
916 1791 1015 1840 cona·

82 1897 176 1950 tutos
195 1881 344 1968 efficere,
366 1898 403 1948 ut
414 1895 565 1952 'caussam
581 1884 721 1953 familiae
738 1884 1010 1972 Ruhnkenianae‚

85 1999 126 2064 de
147 2015 208 2100 qua
234 1995 436 2078 vehementer
460 1994 662 2081 laborabant,
686 1998 917 2070 obtineremus.
963 2005 1010 2090 Et

77 2114 208 2192 fateor,
234 2111 312 2176 haec
340 2111 434 2177 unica
460 2110 524 2178 fuit
548 2113 715 2193 conditio,
748 2133 812 2195 qua
843 2117 1011 2187 Autotelo.

85 2229 179 2296 ritmo
205 2224 323 2293 abduci
344 2243 495 2308 poatemt
521 2243 602 2307 nee,
626 2226 690 2302 nisi
711 2247 748 2294 ea
766 2229 936 2315 conlecta,
960 2235 1017 2299 ab„

86 2345 206 2412 ductna
230 2357 318 2412 aaut.
367 2341 430 2408 Sed
454 2341 531 2406 haec
559 2355 672 2423 postet
695 2341 892 2417 acciderunt.
946 2351 1011 2418 llio

84 2471 250 2540 tenpore,
273 2469 311 2522 ut
337 2455 492 2539 collegam
511 2472 560 2520 me
577 2454 641 2521 albi
659 2457 727 2522 dari
745 2461 842 2526 uellet
856 2461 1012 2534 Ruhnke·

81 2573 181 2652 nius,
204 2589 289 2638 noua
312 2570 352 2638 ad
379 2587 500 2636 veteres
521 2571 689 2637 accedebat
708 2591 823 2641 causat
838 2597 897 2660 ea,
920 2583 1010 2663 quod

81 2689 133 2760 lta
149 2699 298 2767 praetecta
315 2684 475 2766 praeacuti
491 2685 671 2752 celeriorem
690 2688 923 2772 certioremque
934 2712 1013 2778 ope..

84 2816 156 2872 ram
179 2797 213 2862 in
239 2797 360 2872 edendo
387 2797 570 2866 Scholiasta
587 2815 703 2864 nauare
720 2817 865 2880 possem.
909 2807 1013 2876 Cum.

85 2929 153 2998 que
170 2909 289 2990 sciret,
308 2911 391 2982 duos
413 2913 594 2991 novissimo
612 2913 675 2978 ltoc
691 2927 833 2995 tempore
848 2934 936 2984 meos
953 2919 1017 2987 fcr'·

87 3029 118 3096 ri
136 3024 317 3108 discipulos
334 3023 368 3090 in
384 3025 505 3100 Litetis
522 3025 647 3112 egregie
661 3045 829 3108 versatos,
851 3045 882 3094 et
895 3051 1012 3104 ornan.

89 3143 142 3216 dia
168 3137 367 3230 Academicis
392 3139 553 3210 cathedrla
578 3141 734 3225 idoneor3
767 3141 903 3212 alterurn
928 3147 1018 3217 Gai»

75 3255 237 3330 ‚lielmum
272 3251 476 3320 Leonardum
504 3252 647 3336 Mahne,
683 3254 852 3333 Rectorem
882 3259 1020 3337 Scholao

91 3367 357 3450 Amissurtpnae,
380 3371 500 3435 clatum
524 3369 605 3436 edita
629 3368 777 3436 Diatribe
797 3373 837 3438 de
855 3376 1021 3447 Aristono·

93 3501 140 3572 no
160 3483 301 3570 (usit
322 3481 454 3566 alterum
470 3482 648 3588 iohannem
663 3484 718 3562 der
734 3483 919 3576 Kinderen,
938 3512 1022 3562 uon.

344 3637 348 3646 ’
948 3611 1026 3686 dura

131 3777 243 3856 (ης)
270 3779 492 3854 Amttelodami,
510 3779 601 3856 lutura
622 3797 742 3856 octava,
771 3785 847 3874 typis
867 3787 940 3852 Petri
968 3788 1027 3866 dall

95 3885 227 3964 licant,
247 3887 285 3962 tl·
308 3897 391 3966 1793.

532 3987 621 4072 Did
651 4007 671 4090 q
