2470 4724
39 281 63 293 ”
184 265 318 362 virs
342 277 408 346 tn.
447 271 785 350 uuuunsun.
889 279 960 369 549·

39 487 136 553 stne,
160 485 215 553 ct,
241 467 362 553 quibus
392 459 486 531 risus
512 460 708 544 auditusque
738 458 950 546 crudiuntur,

40 585 161 654 iidccris
190 584 335 669 picturae
358 591 390 645 et
413 575 695 660 musicanbnjos
719 575 848 658 quidem
870 581 956 665 ejus·

36 701 121 772 nodi
136 698 304 784 proiectus
322 706 360 762 ut
375 691 586 778 probabiliter
600 691 679 758 tibia
698 707 845 760 canctus
867 693 957 764 denis

40 835 100 898 que
114 813 297 898 venationis
318 810 463 878 studium
479 807 554 874 inda
570 810 589 874 i
606 809 724 876 tenetis
741 787 957 893 susceptum,

31 945 69 997 et
90 945 264 1014 progressu
284 925 395 994 centis
420 920 459 993 td
478 922 641 991 scientiam
666 937 698 989 et
715 925 872 992 rationem
886 943 961 1012 per.

31 1049 193 1114 ductum:
208 1046 247 1112 de
263 1043 382 1128 quibus
396 1039 540 1108 artificiis
556 1040 820 1122 studiisquecum
839 1041 959 1113 borum

34 1159 174 1243 peritis,
206 1173 399 1241 quemquam
425 1155 606 1238 illiteratis,
622 1169 701 1222 ¹tam
724 1157 878 1240 libenter,
905 1158 962 1244 iu·

40 1277 166 1360 cuode,
187 1275 405 1361 intelligenter
419 1269 712 1355 constituebatur,
736 1290 831 1356 quom
846 1272 887 1338 de
900 1273 961 1342 Li·

41 1388 116 1457 teris
135 1389 210 1457 cubo
241 1389 389 1456 literatis.
442 1387 534 1473 Quae
560 1387 653 1454 dotes
681 1387 810 1456 etiamsi
831 1390 963 1474 exiguae
1045 1447 1047 1454 .

41 1505 127 1588 sint,
149 1506 178 1572 si
201 1523 277 1572 cum
295 1505 417 1590 ingenii
433 1503 661 1588 doctrinaeque
680 1503 859 1570 virtutibus
875 1521 962 1572 cona·

40 1635 220 1706 parentur,
250 1622 387 1687 advenae
419 1635 451 1687 et
482 1620 607 1705 hospiti
631 1619 838 1704 multiplices
868 1635 962 1688 ansas

39 1733 261 1800 conciliandae
278 1735 452 1814 multorum
477 1733 611 1802 notitiae
629 1733 851 1817 amicitiaeque
875 1752 966 1818 pras·

30 1853 183 1932 behem,
203 1852 444 1936 plurimumque
465 1853 615 1923 valebant
633 1857 672 1924 ad
696 1855 875 1924 benivolam
892 1855 963 1940 opi·

27 1967 173 2038 *nioncm
198 1971 313 2054 voigi,
335 1971 430 2058 cnjus
448 1971 483 2038 in
500 1988 597 2038 manu
613 1971 875 2041 doctissimorum
896 1989 964 2040 stc·

41 2109 80 2174 pc
101 2085 273 2156 bominum
299 2092 406 2176 posito
428 2107 478 2159 est
505 2079 648 2163 fortune.
701 2092 765 2158 Ad'
785 2091 847 2158 boc
870 2077 965 2175 vulgi

43 2205 272 2306 mejudicium
294 2225 396 2290 quum
418 2209 579 2276 accederet
594 2207 753 2308 ¹lubicinus
776 2194 963 2292 magnorum
1031 2293 1035 2301 Ι
1118 2245 1121 2256 -

43 2317 179 2386 virorum
193 2321 263 2402 ,in
288 2319 402 2405 primis
429 2320 691 2405 Hemstethusii,
713 2323 768 2407 qni
792 2341 862 2390 eum
882 2341 965 2410 quo·

41 2432 90 2498 vis
106 2433 140 2501 in
154 2435 307 2504 sermone
321 2449 353 2503 et
368 2453 545 2521 congressu
560 2437 642 2504 baud
657 2437 794 2515 obscure
805 2437 876 2505 allis
886 2439 965 2506 ndo·

41 2547 237 2618 iescmtibus
257 2565 288 2617 et
305 2552 518 2635 praeponebat
533 2567 566 2622 et
583 2553 617 2621 ln
639 2557 818 2640 exemplum
841 2575 964 2640 propo·

42 2663 150 2746 nebat,
174 2663 269 2731 brevi
284 2663 412 2762 'factum
429 2681 501 2748 est,
524 2678 561 2731 ut
579 2667 814 2736 studiosissimi
841 2668 964 2750 quiquo

44 2773 191 2848 bonarum
217 2775 400 2847 Literarum
424 2783 559 2866 iuvenes
584 2773 654 2868 eius
678 2781 847 2850 amicitiam
867 2800 964 2867 expe·

42 2901 197 2974 terent,ct
214 2907 363 2977 parentes
371 2911 449 2962 sum
472 2885 551 2964 fiilis
570 2916 695 2964 norum
717 2897 965 2990 studiorumque

35 3007 238 3086 'pnefectum
265 3011 437 3100 adjungere
465 2995 666 3099 cuperent,'⁴'
688 3015 889 3103 Huiusmodi
912 3017 967 3087 iile

42 3120 188 3196 smuonss
215 3129 337 3197 lubens
353 3131 565 3224 -accipiebct,
594 3153 669 3212 cum
695 3151 759 3200 suo
785 3133 858 3215 lpse
878 3133 966 3220 judi·

43 3241 112 3323 cio,
143 3265 212 3329 quo
238 3247 366 3314 diutius
394 3231 520 3333 copiam
545 3250 675 3326 baberet
698 3248 850 3321 fruendae
874 3247 972 3346 disci·

38 3355 147 3462 'punse
163 3360 492 3436 Hemate'rlrusianeet
511 3371 580 3440 tuni
596 3379 726 3432 anctore
741 3365 774 3432 in
791 3365 905 3451 primis
920 3367 971 3450 ip-

46 3489 81 3536 so
95 3471 369 3561 Hemsterbnsio,
391 3479 450 3562 qui
464 3480 503 3547 ab
524 3482 618 3551 initio
634 3481 740 3554 stetim
757 3483 840 3549 iliud
857 3483 970 3568 agebat

45 3603 80 3653 ut
101 3587 335 3662 Ruhnkeninm
360 3595 396 3664 ln
420 3595 549 3678 Batavis
570 3597 738 3694 retineret,
768 3615 801 3667 et
824 3574 970 3698 uliqtton·¹
1038 3594 1048 3620 ⁴

48 3703 86 3771 do
108 3707 140 3776 ln
165 3706 319 3779 cathedra
331 3711 515 3810 collocaret.
559 3709 659 3802 Quod
672 3711 805 3796 perfecit
821 3717 967 3802 tandem,

44 3825 188 3912 quamuis
215 3829 339 3897 multos
363 3841 439 3912 post
461 3845 588 3908 annos,
616 3827 904 3914 Hemstcrbusius,
931 3845 965 3904 et

500 3941 622 4034 Mors
906 3943 969 4020 itas
