2506 4712
240 267 324 352 'po'
408 256 545 330 vtio
579 255 624 325 Dr
662 249 993 329 RUHNKENH.

219 519 227 542 ἱ
250 461 339 530 rem,
361 444 468 530 ipsios
490 421 619 526 cupidis
646 459 684 508 tc
712 443 905 528 rogantibus
927 449 1039 517 messe
1052 449 1172 520 mlle.-

251 563 359 652 Qutm
373 566 530 650 jactuum
545 577 755 642 compenrrrc
768 577 954 646 aggressum
964 609 979 646 ,
991 566 1162 651 Mridmio,

253 681 361 754 Ambe
388 679 574 764 scriptore,
602 692 698 760 quem
723 674 845 742 dudum
872 677 913 744 sd
931 679 1105 748 editionem
1125 681 1168 748 in·

254 810 438 877 struxerat,
459 793 598 872 edendo,
612 791 675 874 jum
690 790 917 872 compluribus
930 793 1076 878 pirgulis
1086 812 1177 862 ucu-

258 911 327 998 sis,
352 929 438 978 mors
454 925 528 974 enm
546 917 686 990 occupet
702 904 944 992 qutdngeoimo
962 923 1083 992 quarto
1105 925 1176 978 ror·

254 1029 412 1096 domno.

299 1144 336 1212 N
338 1141 550 1211 ieuwlrndius
566 1141 643 1208 item
660 1140 778 1208 unicus
794 1151 962 1225 potentum
978 1157 1048 1208 eret
1066 1156 1177 1225 natm,

257 1265 318 1333 sed
343 1261 486 1332 obscuro
512 1277 644 1346 genere,
673 1273 812 1344 angusto
837 1257 873 1324 in
896 1275 950 1338 re,
980 1271 1078 1340 putre
1098 1259 1180 1326 frbro

258 1382 400 1470 rigntrio
419 1379 453 1446 in
466 1375 758 1446 Ametelodtmensi
786 1393 886 1461 agro,
902 1375 1037 1443 homine
1059 1381 1179 1460 probor

260 1501 418 1589 puerulus
435 1517 472 1566 oe
484 1496 726 1583 paeneinisns,
743 1495 776 1562 in
792 1497 947 1580 quondum
961 1498 1070 1581 panis
1087 1500 1179 1566 libror

259 1617 428 1697 incidens,
450 1615 529 1681 miro
552 1613 727 1698 cupiditate
751 1632 806 1678 eos
836 1611 933 1697 legito
962 1615 1064 1696 inde,
1098 1616 1179 1700 qurri

261 1751 321 1820 per
346 1733 476 1815 lusum,
499 1732 591 1798 tolus
619 1746 681 1796 sno
699 1729 769 1813 ipse
785 1729 913 1814 ingenio
936 1731 1056 1800 didicit
1074 1732 1179 1802 Hirro

267 1851 345 1918 riam
377 1847 603 1926 Uolsonem,
631 1845 878 1927 Geometritm‚
907 1864 1025 1916 versus
1055 1869 1181 1934 quoque

262 1964 397 2034 sundere
421 1959 568 2046 belgicos
591 1957 774 2043 probabiles
803 1975 939 2027 numero
961 1975 995 2027 et
1027 1965 1178 2032 rcuminr.

265 2077 374 2164 Cujus
389 2077 433 2144 'rei
447 2075 529 2142 foma
546 2073 675 2141 excitrri
690 2093 764 2140 eum
782 2073 967 2158 frequentes
980 2095 1021 2146 ex
1038 2081 1119 2148 urbe
1130 2081 1183 2150 bo·

265 2193 369 2260 mineo
384 2192 529 2258 venirent
543 2193 582 2256 ed
593 2207 689 2270 eum,
704 2203 863 2271 umquam
881 2191 1097 2279 miraculum,
1116 2217 1182 2282 spe·

261 2308 438 2390 orandum
459 2305 559 2390 magis
571 2305 664 2372 etiam
682 2304 864 2373 admirabile
879 2307 968 2391 fuit,
984 2314 1073 2394 quod
1085 2331 1182 2396 puer,

263 2439 414 2510 proesens
431 2421 450 2488 l
469 2421 691 2502 praesentibus
711 2424 824 2490 mirum
845 2424 878 2491 in
897 2427 1026 2494 modum
1048 2431 1184 2498 celebra·

266 2555 344 2622 tus,
365 2535 449 2606 nihil
467 2535 541 2604 inde
559 2535 713 2604 vinitoris
739 2539 948 2625 conciperem
972 2557 1005 2607 nt
1019 2560 1059 2608 ne
1071 2543 1182 2626 suspi-

266 2670 394 2724 caretur
416 2653 545 2738 quidem
561 2669 635 2719 erse
648 2649 681 2717 in
700 2669 736 2717 se
753 2651 878 2734 aliquid
892 2671 1013 2738 prterer
1028 2658 1107 2724 alios
1120 2656 1183 2724 bo·

268 2771 373 2839 mines
397 2769 615 2854 praecipuum.
659 2767 688 2836 E
710 2781 839 2850 paterna
856 2771 956 2838 domo
974 2773 1138 2840 traductus
1152 2773 1185 2842 in

267 2885 424 2955 similium
449 2899 480 2951 et
497 2883 589 2966 qussi
605 2885 736 2950 tutelam
756 2885 966 2954 eruditissimi
989 2890 1187 2958 amicissimi·

271 3017 336 3082 que
358 3000 463 3066 nostri
484 2997 672 3082 Hieronymi
694 2997 850 3102 boschi,
872 2999 912 3066 ab
934 3003 1049 3070 eodem
1070 3001 1187 3071 Licen-
1240 3001 1241 3040 ³

270 3136 341 3184 rum
358 3115 543 3186 erlntrum
560 3116 820 3202 Graecorumque
839 3120 1030 3205 cognitione
1046 3125 1183 3192 imbutus

270 3248 341 3302 este
365 3234 443 3300 meis
457 3226 550 3298 etiam
572 3231 836 3300 institutionibus
860 3232 899 3298 rb
915 3251 983 3302 enm
1003 3235 1184 3304 isculrrtcm
1240 3287 1241 3296 κ

272 3349 434 3434 profecit,
459 3363 497 3415 ut
519 3349 713 3433 pnccltrutn
740 3348 904 3431 specimen
925 3349 1018 3434 ejus,
1045 3353 1184 3436 dispun-
1240 3351 1241 3356 ’

272 3467 394 3535 tionem
419 3467 458 3532 de
478 3463 660 3544 Musonio.
682 3463 796 3536 ederet.
839 3461 911 3530 Nec
934 3464 1071 3550 longius
1088 3467 1123 3534 in
1138 3465 1186 3534 llis

271 3581 393 3652 Literis
411 3574 605 3668 progressius
620 3595 681 3652 est.
724 3583 777 3650 Ad
800 3595 889 3650 totos
903 3584 1062 3652 continuo
1076 3587 1187 3652 lectio·

273 3711 315 3762 ne
343 3707 374 3757 et
395 3695 598 3778 grommtticr
628 3694 750 3764 rarione
772 3698 953 3764 mcttndos
980 3696 1183 3780 Scriptores,

277 3807 381 3878 deerrr
396 3808 517 3880 laboris
533 3809 687 3894 patientie
708 3825 739 3879 er
754 3814 947 3882 constantin·
990 3814 1127 3884 Homeri
1142 3815 1184 3882 di·

1129 3943 1189 3996 nl·
