2562 4708
121 327 124 346 ·
242 312 305 403 598
367 301 540 379 oltnrto
561 299 625 376 ull
646 299 695 369 VI
715 299 779 372 ET
798 291 1042 370 Errrctclt

244 507 317 568 csse
334 491 440 581 posita
454 492 488 561 ln
506 509 570 558 usu
589 501 620 560 et
635 487 783 569 actione,
806 485 981 570 plurimum
999 490 1085 562 valet
1100 481 1177 560 Etr·

246 610 422 703 perienti23
446 607 570 692 quippe
591 621 674 686 quoe
691 603 761 688 ipsa
778 621 912 686 quoque
935 605 1031 672 unice
1052 607 1087 676 in
1109 623 1183 674 usu

243 745 281 798 et
317 725 445 794 tctione
477 735 635 801 versatur,
693 720 797 804 Atqui
829 719 1055 804 Experientiae
1087 724 1185 804 vica·

245 841 295 910 ria
316 853 368 907 est
391 833 556 917 ilistoriar
588 849 669 918 quoe
684 831 904 916 cognitionem
929 833 1027 902 nobis
1053 854 1185 919 reprae-

249 967 355 1022 sentet
378 969 504 1030 retum,
537 947 686 1032 quamvis
714 963 860 1032 tempore
887 949 1027 1032 locoque
1052 949 1185 1036 disjun-

249 1081 387 1142 ctarum,
431 1065 533 1146 Porro
547 1064 588 1130 ad
604 1061 749 1136 Virtutis
771 1079 977 1146 progressum
997 1061 1186 1132 efficacissi-

246 1201 300 1252 ma
327 1193 377 1247 est
399 1179 535 1246 aliorum
560 1177 753 1258 hominum,
775 1176 998 1260 virtutumque
1024 1191 1056 1244 et
1078 1181 1183 1248 vitio«

247 1312 342 1379 tum,
365 1296 496 1380 quaein
513 1294 579 1360 illis
606 1306 705 1376 sunt,
727 1293 924 1364 observatio.
970 1295 1024 1361 Ad
1041 1295 1124 1362 hanc
1144 1298 1181 1366 si

248 1406 458 1502 quisaffemt
482 1423 548 1480 non
575 1404 638 1472 nisi
663 1406 838 1490 generalem
864 1407 1028 1474 notionem
1047 1427 1064 1474 e
1081 1427 1180 1493 prce-1

249 1525 375 1611 ceptis,
404 1538 566 1608 tamquam
592 1521 809 1598 definitionem
835 1543 854 1600 e
880 1527 1096 1608 compendio,
1118 1546 1182 1596 ne.

249 1663 341 1716 cesse
363 1657 435 1724 est,
456 1660 528 1708 eum
557 1641 591 1708 in
618 1640 745 1725 judicio
762 1642 802 1708 de
816 1641 887 1708 aliis
904 1641 1092 1710 hominibus
1109 1641 1182 1712 lubi

249 1761 379 1845 saepius
397 1771 429 1826 et
447 1775 571 1838 errrre,
594 1773 695 1838 quum
721 1775 779 1840 ca,
804 1775 885 1842 quae
902 1775 970 1826 non
987 1755 1051 1825 nisi
1070 1757 1182 1834 formu

249 1891 307 1944 cut
331 1875 429 1961 gradu
450 1873 624 1954 differunt,
647 1873 722 1957 ipso
741 1893 853 1958 genere
875 1875 1002 1942 diverso
1024 1895 1095 1948 esse
1116 1896 1184 1963 pus

204 2047 209 2056 .
249 1995 376 2070 taverlt,
419 1989 526 2078 Quem
545 1988 672 2072 quidem
695 2007 831 2058 errorem
850 1989 1021 2074 diligenter
1037 2005 1180 2076 cavent,

248 2117 324 2174 cum
350 2102 407 2186 qui
426 2103 506 2172 alias
531 2117 637 2188 artes,
668 2117 738 2171 tum
765 2105 824 2187 qui
849 2104 1045 2178 Medicinam
1078 2108 1183 2178 facti-

248 2232 338 2300 tant;
362 2217 402 2284 ad
419 2217 598 2291 universam
616 2217 742 2304 generis
762 2217 980 2302 cognitionem
1000 2221 1181 2307 adjungen-

249 2345 299 2402 tes
315 2331 618 2403 animadversionem
638 2352 824 2402 caussarum
852 2336 971 2419 quibus
989 2337 1070 2408 idem
1089 2357 1182 2408 mor«

249 2453 314 2520 bus
336 2452 480 2530 diversas
497 2451 603 2518 induit
625 2451 773 2536 species,
796 2471 857 2538 pro
888 2452 1069 2521 diversitate
1085 2455 1181 2544 loci,

249 2573 473 2658 tempestatis,
498 2581 616 2655 sexul,
639 2573 774 2656 aetatis,
796 2575 1068 2657 consuetudinis,
1090 2575 1181 2646 vitae

253 2703 326 2756 ante
349 2702 455 2770 actae,
477 2688 609 2755 aliarum
638 2705 756 2767 rerum,
801 2687 916 2774 Ergo,
940 2693 1028 2773 quod
1056 2691 1182 2764 Medici

186 2856 190 2865 ·
252 2803 378 2875 uetant
395 2808 429 2876 in
446 2824 620 2890 corporum
641 2807 789 2892 judicio,
810 2807 873 2875 hoc
892 2807 1033 2880 Virtutis
1051 2811 1181 2880 studio·

252 2943 312 3000 sus
336 2925 376 2993 in
396 2923 573 3008 animorum
596 2925 724 3011 judicio
750 2945 817 2993 non
844 2925 966 2994 faciet?
1013 2927 1071 2993 ille
1098 2947 1180 2995 vero

253 3037 368 3112 iacieta
398 3061 460 3124 ac,
490 3043 678 3126 prudentiae
705 3042 908 3124 obsecutus,
938 3063 1019 3127 quac
1039 3045 1180 3128 reliqua.

253 3177 325 3227 rum
348 3157 514 3231 Virtutum
540 3174 590 3225 est
615 3157 716 3242 fons,
740 3159 803 3226 sibi
826 3160 952 3227 cavebit
976 3179 1017 3226 ne
1043 3179 1096 3244 se,
1118 3151 1180 3231 aut

252 3253 351 3359 alium
367 3271 514 3355 quemvis
539 3291 663 3355 unum,
686 3293 829 3342 normam
848 3291 883 3338 ac
902 3289 1078 3340 mensuram
1095 3274 1180 3342 alim

254 3405 326 3456 rum
343 3389 486 3455 omnium
503 3389 691 3471 hominum,
708 3405 741 3456 et
761 3391 854 3472 quasi
872 3391 974 3456 totius
989 3391 1111 3473 generis
1128 3389 1179 3462 in·

255 3515 344 3584 star,
367 3503 559 3596 constituat.
608 3506 720 3578 Virtus
739 3506 821 3572 enim
840 3507 964 3590 erdem,
988 3519 1024 3571 ut
1040 3527 1113 3574 vere
1128 3511 1184 3574 di·-

255 3619 305 3690 xlt
321 3619 533 3705 Plutarchus,
555 3624 589 3688 in
609 3622 707 3690 variis
726 3621 914 3690 hominibus
930 3623 1017 3688 uaria
1031 3639 1105 3707 est,
1125 3643 1178 3692 se·

253 3737 398 3806 cundum
423 3739 606 3808 varietatem
631 3756 838 3823 naturarum,
859 3740 1087 3826 ingeniorum,
1109 3743 1181 3810 ani·

253 3867 402 3937 morum,
432 3855 602 3940 locorum,
629 3871 836 3944 temporum:
866 3857 1100 3946 magnificentie
1126 3874 1177 3924 est

1117 3971 1178 4044 alia
