2418 4718
147 243 151 250 “
277 276 347 354 pao
414 307 418 314 -
458 245 716 334 butruntio
737 271 786 332 ax
810 241 1023 337 sumone

284 467 353 526 tut.
383 451 446 520 Sed
463 433 722 535 quandoquidem
741 447 977 520 Tumebianutn
987 415 1152 537 Exemplum

282 571 364 656 quid
397 588 435 638 er
468 569 640 638 codicibus
670 568 788 650 quidve
821 589 860 638 er
888 571 1055 655 conjectura
1075 569 1152 634 babeat

281 699 350 756 non
369 682 449 752 satis
467 697 615 750 constat:
638 693 670 748 at
687 681 938 769 bongurainnae,
962 685 1151 760 vulcobiano,

176 806 179 812 '
280 797 466 868 Petavianae
481 797 635 864 lectiones
652 797 813 882 ejusmodi
838 817 936 884 sunt,
956 813 990 867 ut
1005 799 1105 882 liquido
1117 815 1152 877 ap

282 925 391 997 pareat
409 931 462 980 eas
486 931 525 981 ex
550 913 713 981 veteribus
730 915 900 984 codicibus
918 929 1028 986 sontes
1043 931 1111 980 esse:
1127 925 1151 974 er

281 1027 389 1092 tribus
407 1027 458 1093 bis
474 1025 566 1094 libris
584 1030 754 1111 plurimun
775 1031 915 1099 tribuant
931 1027 1102 1098 auctoritatis
1113 1025 1152 1087 ir·

282 1144 417 1210 rauano
431 1142 584 1208 bonerum
603 1143 776 1211 lectionum
795 1146 914 1230 copia,
933 1145 1039 1228 quippe
1052 1153 1152 1222 quirun

281 1255 381 1342 longe
405 1258 572 1325 maximam
602 1275 721 1339 partem
740 1258 936 1342 optimorum
956 1273 1090 1326 consensu
1113 1272 1153 1316 co·

281 1373 415 1456 dicunt,
440 1373 559 1456 quibus
576 1373 647 1458 ipse
665 1373 791 1456 primus
815 1371 982 1442 Editorum
1002 1387 1064 1436 usus
1080 1383 1164 1442 suns

278 1489 500 1556 eoniinnrtam
528 1489 733 1571 deprehendi.
798 1477 917 1572 Neque
950 1505 1014 1556 vero
1040 1481 1106 1564 quod
1125 1477 1154 1542 11¹

274 1601 475 1690 praefatione
495 1601 596 1670 libelii
621 1601 661 1672 da
679 1605 763 1672 Sera
780 1603 938 1672 Numinis
964 1598 1090 1672 Vindicta
1112 1609 1155 1656 su·

277 1719 426 1803 spiratus
455 1737 549 1799 sunt,
579 1717 660 1785 idem
686 1731 736 1786 eat
760 1731 857 1802 atque
879 1717 1065 1792 Vossianus,
1082 1723 1152 1791 quem

276 1851 315 1899 ex
334 1832 536 1901 Bibliotheca
549 1829 856 1917 bognum-Bataua
882 1835 988 1900 habui.
1029 1827 1091 1895 Fuit
1104 1821 1154 1904 qui·

275 1949 347 2016 dent
366 1961 501 2030 uterque
526 1963 667 2016 ruunt
699 1959 917 2015 rnravrte
946 1943 997 2012 scd
1024 1942 1166 2038 hie,euuw

146 2119 151 2132 .
277 2061 543 2133 Francoiurtauis
585 2063 775 2132 Editoribus
809 2062 1079 2140 communicatus,
1102 2065 1152 2118 cum

276 2175 444 2259 antiquior
459 2177 607 2259 videtur,
629 2193 698 2244 tum
719 2195 796 2245 vero
819 2182 930 2264 plures
948 2169 1152 2245 statuuntur

273 2290 405 2360 iibelios
426 2305 458 2357 et
481 2289 582 2358 bonas
603 2293 759 2360 lectiones
780 2295 940 2364 eontinet.
1022 2311 1025 2321 ·

313 2405 404 2492 Ergo
421 2407 552 2474 minine
578 2411 829 2477 contemnendus
849 2427 900 2478 est
916 2411 968 2476 hie
984 2404 1111 2472 vudantn
1124 2394 1153 2459 b·

272 2525 418 2592 cuunmu
442 2527 561 2610 index,
585 2543 644 2593 nec
661 2523 861 2613 abjiciendus
889 2541 1042 2609 nuquam
1063 2517 1152 2593 femi⁰

260 2635 546 2728 ,quisquiiiarum‚
562 2655 599 2707 ut
616 2639 720 2709 faeere
734 2660 772 2708 ec
789 2641 896 2709 dicere
913 2633 1053 2710 nonnulii
1066 2628 1150 2696 solent.

146 2741 151 2752 ⁵
276 2769 339 2836 Sed
354 2768 389 2836 hi
405 2767 471 2835 fere
496 2781 573 2834 sunt
590 2761 615 2833 ii
629 2765 686 2848 qui
705 2765 816 2834 subito
833 2765 985 2834 editionis
1000 2745 1151 2827 emendatio·

268 2887 363 2956 nisve
387 2881 526 2952 consilio
548 2883 582 2950 in
611 2882 697 2948 hunc
724 2880 863 2949 indicem
882 2891 1037 2962 tamquam
1053 2872 1153 2944 inseri·

269 3013 334 3067 tern
363 3017 398 3066 se
424 2997 603 3082 conjiciunt
628 2997 685 3062 ubi
713 2998 907 3081 pabulentur
936 3015 972 3063 ac
1003 2980 1151 3059 brevissimo

268 3125 415 3199 tempore
437 3115 604 3182 collectam
634 3113 825 3198 scriptionis
852 3114 1011 3180 materiam
1029 3101 1149 3200 auferptt·

266 3221 445 3298 Enimvero
460 3247 593 3313 campus
609 3225 661 3295 hic
681 3243 734 3297 eat
760 3229 910 3298 horridus
929 3243 960 3296 et
976 3221 1101 3296 intuitus
1113 3201 1151 3276 ubl

275 3343 340 3410 sub
365 3345 474 3413 herbis
497 3366 532 3414 ac
559 3343 664 3430 spinis
692 3347 809 3414 lateant
832 3349 977 3428 sentina,
1007 3355 1076 3428 quae
1100 3339 1150 3394 cun

271 3457 399 3544 judicio
431 3464 551 3529 deiecta
583 3479 623 3560 et¹
651 3479 782 3546 cunta,
811 3463 900 3531 haud
925 3449 1149 3532 contemnendim

270 3567 376 3638 ferant
406 3575 635 3644 emendationis
665 3575 820 3645 fructum.
871 3581 958 3646 Haec
988 3571 1087 3643 Editio
1116 3557 1150 3622 bis

267 3687 419 3772 deinceps
454 3695 586 3778 repetita
619 3709 694 3776 est,
732 3695 841 3761 eodem
877 3695 1045 3776 exemplo,
1070 3679 1148 3748 eodem

264 3804 454 3896 Pibffssifflm
479 3829 515 3896 tc
541 3831 690 3881 versuum
715 3831 873 3898 nurnero,
908 3814 1008 3882 eaden
1032 3805 1149 3974 typoptffl

682 3933 685 3940 .
1111 3921 1147 3970 m·
