2508 4712
225 311 365 385 vrrs
392 313 445 412 ιι.1
467 309 801 382 unumunurm.
918 317 1005 403 ⁶45=

48 501 159 570 wluti
184 501 327 584 Sibyllae
348 497 463 581 foliis,
486 511 631 564 notaret:
656 515 737 580 quas
761 497 833 578 ipse
854 500 982 586 senior,
1083 481 1097 500 ’

46 591 115 684 nisi
131 615 271 682 multum
291 590 468 695 quaerens,
491 611 625 694 reperire
641 629 708 678 noo
724 626 848 694 posset.
894 613 985 700 Quae

47 731 197 798 scidulae
221 747 321 812 quum
347 728 426 796 vivo
457 727 704 798 Hcmsterhusio
731 729 783 795 vel
801 734 983 812 extorqueri

49 854 108 932 ci,
130 853 182 919 vel
201 853 241 918 ab
258 851 329 916 aliis
349 849 499 930 quamvis
518 849 622 914 doctis
641 849 833 919 hominibus
851 852 992 921 investi·

50 965 127 1052 gari
151 965 341 1046 nequitenr;
363 960 579 1039 Ruhnkenius
604 960 673 1028 filio
692 961 780 1031 illius
800 982 831 1030 et
853 965 986 1048 heredi,
1053 1049 1058 1056 ι

47 1080 246 1161 Francisco,
269 1077 448 1161 persuasit,
472 1077 600 1160 otiose
623 1079 722 1161 patris
736 1082 987 1150 commentarios

49 1207 85 1258 et
112 1191 288 1258 adversaria
312 1201 502 1256 testamento
522 1189 738 1258 bibliothecae
762 1191 985 1276 Lugdunoba·

49 1325 112 1373 vae
130 1308 272 1390 legaret,
293 1305 428 1390 ejusque
450 1305 604 1392 promissi
630 1305 722 1372 fidem
740 1300 774 1374 i'n
790 1307 911 1392 Elogio
930 1329 987 1392 pa·
1023 1332 1025 1341 ’

52 1423 114 1489 tris
137 1421 236 1509 (47)
259 1418 389 1502 publice
406 1419 573 1486 testificari
595 1437 631 1486 se
654 1420 784 1488 sineret.
833 1422 882 1488 lbi
898 1425 984 1493 eninr

49 1540 106 1605 hic
130 1540 244 1619 locus,
267 1537 359 1621 quasi
388 1539 567 1636 testimonii
592 1539 804 1622 auctoritate,
835 1541 875 1606 ad
896 1556 986 1605 com·

52 1672 184 1722 munem
203 1655 344 1720 omnium
362 1653 510 1720 notitiam
527 1655 678 1736 proditus
694 1670 756 1724 est.
799 1656 845 1723 At
864 1654 986 1722 Ruhn-

51 1770 142 1838 kenii
161 1787 248 1854 spem
272 1768 476 1850 laboremque
495 1789 669 1838 successus
691 1770 854 1838 destituit.
897 1771 984 1840 Nam

53 1885 107 1950 vel
128 1881 229 1950 lilium
257 1881 488 1964 Franciscum‚
522 1883 580 1966 qui
602 1883 685 1950 obiit
708 1902 793 1951 anno
816 1883 849 1952 h.
872 1903 902 1952 s.
926 1903 986 1952 no·

52 1998 246 2082 nogesimo,
264 2017 352 2066 mors
370 1999 546 2084 occupauit
558 2013 745 2080 anteaquam
762 1998 801 2070 de
818 2001 986 2090 promisso

54 2114 221 2183 efficiendo
240 2116 403 2197 cavisset,
425 2117 477 2181 vel
497 2099 596 2198 nattis
614 2116 668 2182 illa
686 2117 861 2184 adversaria
887 2119 986 2184 inter·

49 2231 218 2298 cideruntr
242 2231 372 2298 heredes
398 2245 483 2298 certe
507 2231 554 2298 nil
582 2231 739 2316 ejusmodi
765 2232 982 2314 invenerunt,

49 2347 136 2428 quod
151 2364 192 2412 err
207 2358 400 2413 testamento
420 2346 542 2413 tradere
559 2345 773 2414 bibliothecae
799 2345 982 2431 Lugdunu-

51 2463 183 2530 batavae
206 2463 367 2532 deberent.
411 2459 459 2530 lta
485 2481 602 2548 magno
627 2479 659 2530 et
677 2477 792 2531 nostro
816 2464 927 2532 dolore
949 2475 982 2530 et

50 2577 231 2647 Literarum
249 2581 390 2663 damno,
413 2579 466 2646 ille
486 2581 677 2663 thesaurus,
699 2580 790 2664 quod
807 2578 981 2663 proverbio
1043 2597 1052 2620 r

50 2697 194 2776 dicitur,
216 2696 249 2762 in
269 2695 390 2762 cineres
410 2695 503 2764 abiit.

91 2813 344 2884 Hemstcrlrusio
362 2817 396 2882 in
412 2811 591 2880 Literarum
613 2813 806 2882 Graecarum
822 2829 853 2882 et
865 2813 983 2881 Histo.

53 2928 111 2995 riae
131 2929 261 2998 Patriae
287 2928 435 2996 cathedra
462 2929 619 2995 successit
646 2928 836 2996 Ludovicus
857 2929 980 3006 Caspa-

54 3063 103 3114 rus
126 3045 386 3130 Valckenarius,
407 3043 458 3112 ait
482 3047 516 3112 iu
545 3045 659 3130 paucis
679 3062 838 3129 magnus,
860 3044 980 3128 diguus

55 3172 138 3228 tanto
155 3176 191 3228 et
216 3161 381 3227 decessore
400 3158 593 3241 successor,
616 3173 648 3226 et
664 3160 819 3242 magistro
835 3145 982 3241 discipu·

55 3278 115 3345 lus.
159 3280 211 3346 hc
238 3277 266 3342 si
295 3277 385 3360 quod
408 3273 474 3342 fuit
493 3289 640 3358 tempus,
663 3293 730 3356 quo
749 3291 874 3340 auream
892 3273 983 3340 Lite·

55 3407 153 3458 rarum
171 3404 307 3460 aetatem
331 3409 457 3459 censere
479 3403 594 3475 posset
611 3389 784 3458 Academia
795 3388 981 3475 ¹Lugdunu-

927 3502 983 3568 ba·

90 3655 107 3732 (
117 3653 183 3735 47)
206 3657 293 3731 Elog.
312 3657 512 3717 Hernsterhusii
531 3675 560 3732 p.
581 3661 628 3718 68.
649 3659 817 3728 Caeterum,
836 3673 908 3732 quae
931 3657 981 3719 hic

54 3766 169 3840 scripsi,
190 3767 355 3840 corrigenda
380 3781 443 3826 suot
465 3769 633 3843 aliquantum
654 3784 691 3829 err
712 3769 763 3840 iis,
789 3784 860 3846 quae
884 3781 984 3845 postca

55 3871 82 3929 in
99 3875 153 3940 hoc
174 3877 247 3938 libro
264 3876 375 3953 prodidi
395 3877 429 3938 ad
446 3895 547 3938 aunum
570 3891 653 3954 ¹791·

509 3985 558 4054 Ss
582 4005 607 4133 3
