2388 4714
234 291 299 376 284
409 277 669 352 PRAEFATIO
691 301 737 353 nx
759 279 986 354 nnlrlomn

236 491 304 544 non
327 482 445 540 essent.
491 468 618 536 Indices
641 465 702 534 mei
727 470 823 536 semel
839 453 999 536 'confecti
1022 472 1166 540 multum:

239 584 321 653 mihi
344 581 538 669 profuerunt
553 583 593 648 ad
607 581 728 650 laboris
747 583 1001 666 compendium
1021 584 1089 669 ipsa
1103 605 1147 652 eo·
1165 607 1166 624 ι

236 719 311 770 rum
336 697 501 768 confectio
526 698 676 783 maiorem
702 711 824 782 partem
851 699 1008 783 temporis
1026 719 1043 766 a
1060 721 1104 768 me
1121 703 1166 771 iuw

237 809 413 885 Plutarcho
431 813 585 881 collocati
604 813 785 899 absumsit,
807 814 962 900 fuitque,
983 831 1145 900 caeterum,

239 953 337 1019 supra
362 949 455 1016 quam
481 932 547 1000 dici
572 947 700 1016 potest,
724 936 818 1020 plena
844 937 968 1006 laboris
992 958 1028 1006 ac
1048 940 1166 1020 taedii,r

242 1055 340 1138 cuius
365 1048 510 1118 molestia
542 1049 644 1133 ipsam
677 1051 867 1120 suavitatem
894 1055 1043 1122 lectionis
1063 1054 1148 1121 libro·

239 1191 312 1241 rum
324 1169 586 1240 Plutarcheorum
608 1169 777 1244 obrueret:
790 1190 877 1254 quae
893 1190 970 1239 sane
985 1171 1075 1238 lectio
1092 1171 1150 1236 isti·

240 1307 283 1358 us
308 1301 474 1354 aerumnae
498 1283 628 1351 unicum
652 1281 719 1350 luit
750 1285 921 1352 solatium.
965 1283 1049 1352 Utile
1075 1283 1166 1350 lortr¹

241 1403 289 1494 sit
299 1401 340 1469 ad
347 1401 483 1468 aliorum
499 1397 749 1468 admonitionem
765 1401 1059 1485 quibusaliqurndo
1071 1399 1147 1464 idem

240 1537 354 1587 saxum
384 1517 579 1586 volvendum
607 1517 667 1583 erit
697 1517 891 1586 laedendis
920 1535 1040 1603 magnae
1059 1513 1142 1580 molis

240 1629 466 1711 Auctoribus,
486 1629 544 1696 aad
566 1629 700 1714 longum
728 1643 777 1698 ert
795 1649 858 1714 pro
882 1629 1083 1718 praefatione,
1102 1643 1145 1690 re·
1165 1715 1166 1720 ἵ

240 1746 345 1831 ferre,
367 1759 405 1812 ut
421 1745 639 1829 enotrverim,
662 1750 910 1830 annotaverim,
933 1745 1144 1829 excerpserim,

238 1867 391 1950 excerpta
414 1864 447 1931 in
473 1862 600 1934 Iudices
623 1861 739 1931 referre
769 1864 951 1932 studuerim
983 1860 1166 1944 poenariae,

241 1985 387 2066 orione,
410 1983 549 2066 primum
577 1982 759 2066 continuo;
790 1995 860 2048 tum
889 1977 1097 2068 peculiaribus
1117 1976 1144 2040 in

112 2154 116 2160 ⁴
243 2099 373 2170 schedis
397 2099 449 2165 vel
477 2097 588 2163 ordine
612 2097 773 2166 literarum
798 2099 851 2164 vol
878 2095 1062 2180 simpliciter
1079 2091 1166 2180 scri-N

242 2213 346 2294 bens,
373 2211 493 2296 scripta
524 2210 777 2280 transscribcnsa
811 2225 851 2278 ut
875 2211 946 2280 viae
969 2205 1166 2292 lonnrudno,

241 2323 456 2408 defatigatus,
479 2323 549 2408 ejus
566 2324 792 2407 compendium
810 2324 1021 2408 quaesiverim
1037 2337 1089 2390 nec
1107 2318 1144 2383 in·

239 2439 401 2508 venerim:
425 2439 592 2506 utiterum
613 2441 821 2524 tentaverim,
844 2459 880 2510 et
897 2441 1058 2530 pererratis
1077 2433 1142 2502 mul·

122 2637 125 2650 Ι
238 2555 285 2625 ris
310 2553 498 2640 ambagibus
523 2557 660 2639 denique
684 2560 724 2626 ad
752 2560 891 2643 primam
931 2560 1144 2644 longioremque
1165 2583 1166 2642 j

154 2691 162 2714 ¹
240 2674 327 2744 iiam
353 2673 493 2758 recipere
517 2690 567 2739 me
593 2687 728 2740 coactus
759 2674 891 2746 fuerim.
945 2671 1074 2764 Quoties
1096 2683 1141 2750 ego

241 2793 322 2858 cunc
365 2791 405 2858 de
446 2809 785 2860 venerandam
822 2790 992 2878 cogitavi!
1027 2793 1166 2862 eumque¹

242 2929 312 2980 non
331 2910 401 2980 sine
423 2912 546 2980 ratione
562 2913 667 2997 egisse
684 2911 847 2993 intellexi,
870 2928 973 2996 quum
993 2904 1063 2974 milri
1084 2911 1142 2962 sul·
1165 2941 1166 2962 2

242 3026 360 3108 sisset,
384 3046 450 3094 non
476 3026 644 3107 universa,
668 3027 723 3092 sed
750 3027 878 3110 singula
903 3016 1056 3092 Plutarchi
1076 3003 1142 3076 stri·

240 3155 298 3226 pta
316 3143 418 3210 edere.
447 3143 509 3209 Sed
523 3143 587 3226 jam
603 3142 636 3208 in
657 3141 796 3208 stadium
818 3141 963 3227 ingresso
980 3151 1010 3206 et
1022 3134 1141 3205 eousque

242 3277 414 3344 progresso
423 3273 519 3342 turpe
536 3260 615 3326 mihi
630 3259 781 3329 ducebam
794 3263 955 3341 recedere,
974 3269 1004 3322 rt
1018 3237 1141 3334 quentia

241 3375 354 3456 potius
380 3375 520 3442 laborem
543 3375 766 3442 exantlandum
790 3375 967 3441 statuebam
989 3379 1075 3451 quam
1089 3351 1142 3420 edi·

156 3532 159 3544 ·
243 3487 347 3556 tionis
380 3491 578 3574 propositam
611 3509 700 3573 spem
735 3492 924 3574 laudemque
955 3473 1139 3556 dnomdau·

243 3602 392 3686 Perrexi‚
415 3603 546 3688 perfeci.
579 3606 625 3673 Et
642 3619 718 3672 sunt
735 3625 811 3674 sanc
836 3607 870 3674 hi
884 3608 950 3694 jam
968 3597 1080 3670 ludices
1094 3599 1139 3652 suc

231 3719 374 3786 materia
389 3722 510 3808 expleti
525 3723 669 3809 mihique
685 3725 725 3792 ad
742 3739 847 3793 meum
863 3741 956 3792 usum
976 3700 1138 3788 uilissimi:

229 3851 237 3869 ’
1074 3817 1137 3889 alie·
1165 3845 1166 3884 3
