2572 4710
208 285 313 376 ..ga
369 283 543 362 onnno
563 283 623 358 os
644 285 816 364 rrucos.
839 289 1046 374 usurus.

240 479 366 548 minum
393 475 574 574 frequentia
598 476 700 547 dicere
724 477 977 568 adgrediuntur,
1001 501 1172 572 exspecto-

242 607 320 677 tur‚
343 607 380 662 ut
393 592 515 676 aliquid
529 579 693 677 adferunt,
716 599 806 679 quod
822 599 954 684 dignum
973 603 1017 671 sit
1035 605 1167 700 sodico-

241 714 322 782 tium
341 713 494 798 opinione
509 731 545 780 ac
566 733 644 796 spe:
664 728 737 781 tum
753 720 936 800 praesertim
954 722 993 788 ab
1015 724 1080 806 iis,
1104 726 1165 809 qui

240 845 277 898 se
294 827 535 912 disciplinarum
560 828 733 913 magistros
756 831 968 915 profitentur,
988 837 1058 920 jure
1080 855 1164 919 quo·

198 961 224 996 ·‘
238 946 313 1013 mm
336 941 544 1026 postulatur,
566 953 604 1006 ut
628 943 743 1010 desua
765 943 904 1028 quisque
922 947 1095 1031 disciplina
1113 952 1165 1019 dl·

238 1075 322 1133 serre
344 1057 547 1144 copioseque
560 1057 658 1128 dicat.
701 1053 813 1140 litque
830 1061 907 1128 haec
926 1049 989 1130 una
1007 1065 1165 1149 cogitatio

223 1182 313 1240 'cum
339 1189 391 1238 me
414 1182 582 1254 tantopere
606 1186 833 1255 commoveat,
865 1174 945 1256 quid
965 1175 1043 1242 mihi
1064 1162 1166 1244 animi

235 1272 313 1358 esse
328 1287 474 1371 putetis,
496 1304 571 1352 cum
599 1288 637 1352 ad
653 1305 720 1354 eam
739 1285 840 1370 aliae,
863 1305 980 1371 eaeque
996 1289 1083 1358 haud
1101 1290 1164 1356 mi-

236 1423 358 1484 nores,
389 1403 540 1468 accedant
565 1403 826 1472 sollicitudines?
879 1405 1048 1502 Equidem¹
1072 1408 1162 1492 iugc·

236 1540 306 1592 nuc
324 1519 431 1588 Vobis
446 1517 577 1586 consilii
595 1519 657 1584 mei
679 1519 833 1587 rationem
854 1521 1006 1606 aperiam.
1047 1521 1163 1610 Quum

235 1639 363 1728 primus
386 1637 467 1704 mibi
483 1635 618 1703 nuntius
634 1637 750 1704 allatus
766 1653 873 1722 esset,
892 1640 931 1706 dc
947 1658 1078 1708 munere
1095 1641 1164 1710 hoc

234 1755 277 1838 ab
293 1751 513 1836 Amplissimis
530 1749 748 1818 Curatoribus
772 1763 803 1818 et
822 1752 1027 1822 Consulibus
1052 1753 1085 1820 iu
1109 1771 1166 1822 rue

234 1869 363 1950 delato,
386 1866 606 1946 vehementer,
629 1877 666 1928 ut
695 1883 754 1948 par
778 1877 867 1945 erut,
893 1864 1000 1932 unimo
1023 1866 1167 1934 laetatus

235 1999 325 2050 sum.
367 1978 504 2059 Postea,
527 1991 565 2042 ut
588 1976 642 2042 ille
665 1991 774 2042 motus
793 1976 931 2043 laetitiae
944 1981 1098 2062 paulatim
1113 1999 1164 2046 re·

236 2091 344 2172 sedit,
366 2089 409 2156 ita
428 2088 581 2175 paulatim
599 2089 749 2165 animum,
763 2107 867 2156 meum
893 2093 992 2160 tacito
1020 2099 1161 2178 quodum

234 2209 353 2276 timore
372 2204 540 2274 sollicitari
567 2205 668 2280 sensi.
718 2204 793 2288 Ipse
817 2223 868 2272 me
897 2222 966 2274 tum
992 2211 1161 2292 repreben-

235 2325 328 2404 dere‚
351 2335 382 2390 et
401 2339 546 2404 mecum,
565 2319 663 2405 'quasi
680 2339 752 2387 curn
777 2321 864 2404 alio,
887 2325 1034 2406 colloqui
1051 2329 1157 2411 coepi.

233 2435 346 2526 Quid,
375 2437 539 2520 inquam‚.
556 2435 675 2522 egistii
727 2435 806 2523 Quo
830 2437 1048 2520 processisti?
1095 2439 1158 2505 Ni·

231 2558 351 2625 mirum
381 2556 557 2640 occupabis
582 2573 655 2620 eum
681 2557 813 2639 locun,
835 2573 952 2652 quem,
975 2572 1049 2624 ante
1073 2558 1158 2624 mul·

230 2688 288 2744 tos
321 2673 449 2754 quidem
483 2690 618 2754 anuos,
651 2672 798 2758 proxime
836 2687 971 2757 tamen,
1003 2673 1163 2752 Tiberius
1239 2743 1247 2753 ,

232 2789 504 2858 Hsmsterbusius
526 2787 641 2860 tenuit.
690 2787 797 2871 Eique
820 2803 858 2858 tu
882 2789 955 2860 viro
980 2794 1157 2875 succedes,

235 2925 331 2989 quem
357 2923 481 2974 summa
506 2903 627 2990 ingenii
644 2906 873 2991 doctrinaeque
895 2909 1001 2977 uirtus
1026 2912 1161 2978 immor·

232 3023 351 3094 robusti
384 3022 614 3090 consecrauiti
668 3023 757 3108 Quid
791 3023 912 3109 porro?
952 3037 1032 3109 post
1061 3025 1158 3092 talcut

229 3152 422 3222 tantumque
449 3137 554 3204 virum
581 3153 619 3206 tu
637 3157 770 3222 quoque
787 3139 1027 3222 Philosophiam
1052 3138 1158 3220 expli·

230 3264 352 3345 cabis,
391 3261 479 3328 illum
523 3262 667 3328 omnium
698 3263 816 3328 ortium
848 3263 1158 3347 disciplinarumque

231 3381 413 3471 principem
437 3397 469 3449 et
490 3381 651 3465 reginam
689 3380 784 3468 cujus
810 3394 897 3450 uota
923 3394 973 3450 est
998 3377 1170 3464 magnitud

110 3513 115 3523 '
232 3506 299 3584 do,
321 3517 358 3567 ut
379 3517 572 3583 quamquam
600 3499 752 3566 discendo
779 3500 990 3582 docendoque
1014 3497 1157 3566 multum

231 3621 269 3690 in
293 3607 328 3685 ea
353 3615 452 3683 studii
478 3615 699 3698 temporisque
723 3615 962 3698 consumseris,
993 3616 1063 3701 ejus
1087 3631 1155 3682 eam

183 3775 188 3790 ·
233 3730 476 3824 intelligentiam
489 3743 660 3802 assecutus
675 3731 743 3816 sis,
760 3749 841 3816 quae
857 3731 901 3806 ad
912 3730 1059 3800 timorem
1076 3745 1160 3796 con.

1109 3859 1159 3915 cl·
