2508 4712
260 280 327 372 64'4
439 274 572 350 VITA
600 275 644 349 D.
674 265 1013 348 RUHNKENIL

263 467 350 538 modl
367 483 462 550 quatu
479 463 597 532 Gracci
613 465 771 550 lsstaxpra
787 464 912 536 ialam
932 461 1032 549 (46)
1044 477 1176 533 rocaott

263 598 332 650 non
358 595 465 646 certus
493 577 662 662 apparebat
689 579 852 661 rnorbus,
872 579 958 646 virsa
979 578 1086 645 leuiter
1094 597 1184 648 seu·

262 697 393 782 simque
415 695 626 776 defluebant,
650 697 842 763 succedente
870 693 1026 778 paulatin
1045 707 1186 779 stupore,

264 817 477 887 Ruhnkenius
501 833 573 881 eum
590 814 737 897 quotidie
758 813 936 898 visitabat,
951 827 1007 896 et,
1030 829 1185 898 utantea,

264 937 308 1003 ita
332 951 432 1014 tunc,
455 931 567 1014 quoad
591 948 668 998 curn
695 949 734 998 eo
750 931 801 1015 agi
819 944 955 1015 posset,
977 931 1185 1012 hortabatur,

266 1064 305 1118 ut
330 1046 472 1132 egregias
499 1045 792 1112 animadversiones
820 1063 918 1126 suas,
945 1065 1035 1128 quas
1059 1048 1187 1132 scriptas

263 1161 298 1227 ln
322 1159 560 1228 commentariis
587 1157 756 1241 servabat,
777 1173 832 1226 aut
859 1157 924 1226 sibi
938 1159 1056 1241 daret,
1078 1158 1187 1225 rutbi·

263 1275 446 1343 bliothecac
457 1272 755 1358 Lugduuobatavae
772 1274 911 1358 legaret,
934 1285 993 1340 aut
1009 1289 1102 1340 certe
1114 1291 1187 1354 quo·

150 1469 153 1478 ,
263 1392 315 1461 uis
340 1391 440 1458 modo
459 1401 582 1456 cavuet
606 1407 647 1456 ue
671 1387 903 1455 interciderent.
957 1389 1006 1454 At
1036 1387 1185 1454 Hcmster-

263 1509 384 1576 husiua
401 1505 493 1574 etiarn
519 1517 587 1572 tum
608 1521 710 1587 quum
727 1503 833 1572 adhuc
856 1501 1018 1587 rigebat,
1040 1521 1104 1586 qno
1117 1517 1180 1564 rua·

264 1628 314 1714 qis
341 1640 442 1694 aetate
459 1624 737 1710 progrediebatur,
758 1641 799 1690 eo
820 1621 883 1689 sibi
909 1621 1024 1690 ninus
1039 1628 1088 1690 -lu
1100 1620 1181 1689 Lite-
1240 1707 1241 1710 Ἴ

262 1740 309 1806 ris
337 1740 542 1824 inventisque
565 1719 637 1825 ipse
661 1739 731 1806 suis
758 1737 999 1807 satisfaciebatr
1030 1755 1094 1821 et,
1119 1740 1187 1806 liter
1240 1711 1241 1724 ἵ

264 1857 413 1940 quotidie
435 1859 468 1923 in
497 1856 651 1938 Antiqnis
689 1855 912 1938 Scriptoribus
943 1857 1091 1940 legendis
1127 1873 1189 1922 ver·
1240 1939 1241 1946 ἵ

261 1987 408 2055 sanetur,
442 1972 682 2053 multorumque
705 1983 738 2036 et
770 1968 1009 2036 emendationes
1033 1983 1063 2034 et
1086 1967 1190 2050 expli·
1240 1995 1241 2026 ι

263 2087 407 2156 cationes
428 2087 573 2154 locorum
594 2084 754 2154 continuo
777 2098 922 2168 pareret,
946 2099 1114 2168 parrasque
1129 2101 1189 2150 au-
1240 2063 1241 2082 ¹

264 2215 391 2268 notaret
423 2201 617 2282 scribendo,
642 2215 749 2292 tauteq
770 2201 898 2267 inventa
920 2220 981 2268 sua
1005 2219 1070 2267 nou
1094 2201 1191 2285 digua

261 2335 397 2388 censens
422 2323 554 2401 quaein
575 2323 679 2388 lucem
703 2319 943 2403 proferrentur,
966 2321 1003 2388 in
1032 2338 1191 2388 commeo·

260 2438 353 2506 trriis
379 2454 414 2502 ea
435 2435 702 2519 premebat,'nec
727 2433 796 2503 fere
815 2437 880 2504 uisi
895 2437 1054 2504 diuturno
1078 2439 1187 2504 couri·

221 2547 226 2560 ’
261 2551 523 2638 cio-efflagitatus
547 2569 619 2618 cunr
647 2553 720 2621 aliis
747 2552 1021 2626 communicabat.
1074 2557 1184 2638 Atque

262 2670 325 2734 tale
340 2665 446 2734 luisse
463 2664 700 2734 Hernsterbusii
714 2668 781 2752 jana
802 2667 876 2736 iude
894 2670 1031 2738 inulto
1049 2679 1193 2755 ternpore

153 2799 156 2804 ·
262 2783 451 2871 negotium,
473 2781 642 2850 duodecim
668 2799 742 2853 ante
765 2785 856 2854 illius
882 2803 1019 2856 morte·
1036 2789 1135 2856 tuuis
1150 2787 1192 2852 ri·

146 2901 151 2922 ⁸
261 2900 429 2990 gnificavlt
446 2899 662 2968 Ruhnkeulua
681 2900 717 2970 in
735 2902 932 2985 praefatione
949 2905 989 2970 ad
1007 2901 1189 2970 Timaeum.

261 3019 339 3086 Huc
355 3016 548 3098 accedebat,
572 3016 662 3100 quod
677 3018 788 3086 nullos
809 3017 936 3085 haberet
953 3033 1056 3085 cenos
1076 3020 1194 3084 adrer-

146 3135 150 3143 '
246 3133 420 3204 striomm
444 3125 569 3213 libros,
591 3130 699 3202 omuia
726 3129 945 3217 singularibus
971 3132 1009 3202 iu
1030 3129 1193 3210 seidutis,

1126 3245 1197 3312 rel·

300 3433 390 3514 (46)
411 3433 528 3496 Homer.
548 3432 606 3494 od.
624 3434 882 3508 a,132=d,282.
901 3431 1048 3496 Plutarch.
1065 3434 1198 3500 Pericle,

260 3557 293 3620 p.
314 3561 378 3621 ¹7³·
406 3544 514 3605 Aelian.
542 3542 613 3603 Nat.
640 3543 761 3636 Animal.
786 3543 837 3604 Ill.
867 3557 912 3605 ιι.
939 3561 987 3621 ap.
1013 3541 1095 3604 Suid.
1123 3545 1198 3602 voc.

259 3647 448 3732 'Aflnrxprp
487 3651 675 3728 Hippocrates
690 3651 807 3710 sormam
821 3657 954 3730 βληχρὶς
971 3653 1118 3728 sequitru:
1138 3647 1199 3710 vid.

261 3761 379 3824 i'oesius
399 3765 512 3844 oecon.
530 3761 668 3835 HIppocr.
685 3761 714 3819 in
727 3763 820 3825 Voce.
834 3763 1036 3827 Valckenarius
1049 3761 1083 3820 ad
1101 3761 1200 3822 Tusa·

260 3871 326 3937 criti
343 3867 483 3933 eldottiaz.
499 3888 531 3954 p.
550 3887 626 3948 αις,
640 3885 704 3946 sqq.
