2418 4718
127 301 389 391 semuncem
410 299 676 386 monstrosa.
696 303 824 408 usin
871 313 941 408 ss,

23 497 164 578 arrtrt
178 525 190 574 r
204 501 458 586 consuetudine,
481 499 619 568 breuiter
631 511 665 568 at
679 499 780 572 uerbo
796 503 940 588 plerum·

26 641 81 708 que
90 617 290 706 significatae.
337 607 548 684 praefationis
563 617 639 686 loco
653 633 685 686 ct
699 617 831 686 nomine
849 639 940 706 prae·

25 739 155 805 mittitur
170 731 438 817 disputatiuncula
450 731 489 797 dc
503 731 631 816 ingenio
651 747 683 800 et
702 733 843 819 scriptis
859 735 941 802 Plu.

22 851 117 920 turchi
144 863 235 932 utque
251 848 287 914 de
311 865 405 931 opera
429 846 573 931 priorum
597 846 781 919 Editorunt.
827 849 938 938 Quam

23 964 237 1054 praefationem
256 963 284 1030 si
301 977 367 1028 non
383 963 554 1030 addidisset
570 981 594 1030 rt
605 982 650 1032 nr
661 983 678 1032 s
689 981 819 1048 reus,
842 967 943 1035 mini·

24 1097 73 1148 me
107 1079 351 1146 desideraremus.
406 1075 444 1143 ln
472 1075 634 1144 Plutarchi
664 1079 802 1148 lectione
826 1095 938 1150 novus

26 1209 89 1264 erat
110 1193 237 1278 hospesr
284 1188 452 1258 Editiones
475 1207 535 1258 nec
563 1191 699 1262 habebat
720 1213 850 1280 omnes,
872 1206 936 1265 ned

26 1329 122 1378 tarum
149 1327 226 1392 quas
251 1303 413 1388 babebat,
436 1305 543 1374 fontes
562 1323 594 1375 et
613 1309 832 1377 auctoritatem
854 1311 941 1384 sctis,
1059 1306 1065 1322 ’

25 1425 216 1508 intelligebat.
262 1421 407 1490 Omnino
425 1439 464 1490 ex
489 1423 642 1490 omnibus
660 1423 780 1510 ingenii
799 1421 933 1492 faculta-

24 1541 96 1606 ibus
108 1541 283 1626 judicium,
307 1535 376 1603 sive
391 1539 498 1603 darunt
516 1557 534 1602 a
549 1551 663 1604 natura
677 1539 748 1606 siue
761 1549 935 1624 negatum,

26 1656 135 1722 minime
162 1655 346 1724 excoluerat
380 1667 624 1721 ttttlstirus.
669 1653 834 1738 judicium
857 1651 935 1720 dico
1074 1739 1078 1746 Ι
1123 1670 1129 1678 ·

25 1785 76 1838 um
90 1765 267 1838 facultatem
295 1783 445 1851 quaeres
462 1765 616 1834 confusus
634 1767 828 1852 distinguit,
853 1765 933 1850 quid

26 1886 123 1968 tuique
138 1883 306 1970 proprium
324 1895 356 1949 ct
372 1899 580 1964 consequens
596 1884 640 1952 sit
656 1881 813 1968 perspicit
826 1893 858 1948 et
872 1899 930 1948 re·

26 2017 82 2066 runt
105 2022 121 2070 t
144 2001 226 2070 fuso
253 2013 404 2067 accurate
422 1995 608 2082 distinguit.
653 1999 740 2065 Haec
759 1997 791 2064 in
808 2013 935 2066 abrs·

25 2127 89 2183 tro
111 2113 236 2186 facultas
256 2127 329 2184 non
347 2111 515 2196 apparuitr
541 2113 647 2180 minus
664 2112 756 2180 etiarn
771 2128 807 2178 ea
824 2107 930 2178 facul·

24 2239 86 2310 tas,
107 2249 162 2314 qut
176 2234 206 2302 id
224 2229 322 2317 quod
338 2243 445 2295 verum
461 2225 661 2311 judicasset,
683 2225 828 2294 oratione
847 2225 929 2292 sub·

23 2341 129 2424 tiliter‚
150 2347 271 2429 ordine,
297 2343 484 2428 perspicue,
506 2341 688 2425 explicaret.
733 2340 854 2408 Sensus
870 2359 928 2408 ve·
1053 2338 1061 2366 ⁸

26 2455 49 2522 ti
63 2457 92 2524 in
107 2477 199 2528 rurs
212 2479 292 2531 nro
309 2453 393 2538 iult3
405 2455 565 2540 quidquid
580 2455 619 2522 ad
634 2457 857 2524 huncsensum
874 2461 936 2524 ac·'

25 2571 121 2640 rideret
135 2593 268 2660 eumque
286 2571 581 2642 verisimilitudinis
598 2571 704 2656 specie
724 2585 924 2657 percuteret,

27 2681 76 2752 boc
96 2691 244 2760 continuo
270 2688 453 2775 probabat,
474 2685 538 2754 hoc
558 2685 825 2771 amplectebatur:
848 2703 926 2754 seu·

25 2803 192 2889 tertiamque
210 2804 238 2875 si
260 2801 445 2887 scriptionew
460 2803 629 2886 proderet,
652 2819 718 2868 ecm
738 2801 829 2883 quasi
848 2819 927 2884 pro·

23 2913 128 2996 jiciebat
143 2937 212 2990 curn
230 2915 511 3004 impetu‚duriter
525 2931 562 2980 ae
574 2915 697 2986 subito.
720 2914 804 2980 Nam
821 2913 926 2982 lenio·

25 3027 97 3096 ribus
111 3034 169 3102 illis
184 3053 255 3128 cum
273 3034 401 3123 judicio
424 3029 611 3118 conjunctis
635 3026 751 3097 mentis
775 3027 923 3113 partibor

24 3143 107 3213 minus
124 3151 292 3232 utebatur,
305 3150 450 3232 ratione,
466 3145 666 3228 subtilitate,
681 3143 860 3225 industria,
871 3161 925 3211 as·

23 3255 160 3334 riduimte:
182 3281 312 3351 semper
321 3279 477 3332 actuosus
495 3279 534 3332 ex
556 3253 621 3328 alio
638 3259 672 3328 iri
689 3257 775 3328 aliud
797 3257 924 3327 inuola-

23 3365 81 3456 btt,
96 3379 227 3464 q'usdcm
245 3379 354 3464 operis
372 3377 428 3446 diu
443 3376 651 3462 persequendi
669 3375 846 3442 satietatem
866 3371 922 3440 fu·

24 3483 290 3574 &commeruisse
306 3491 416 3578 copias
434 3493 468 3559 ln
481 3489 657 3558 adversaria
675 3507 844 3575 congerere
858 3507 919 3558 ne·

26 3601 155 3688 tligebats
176 3611 287 3692 itaque
309 3607 402 3676 nullo
418 3605 484 3674 fere
500 3618 652 3690 apparatu
676 3603 856 3672 instructus
879 3603 921 3672 ad

22 3711 436 3792 Auctoresvelcmendandos
450 3720 652 3790 veledendos
667 3719 847 3788 accedebat.
873 3725 920 3788 At
1007 3784 1015 3797 ,
1037 3731 1040 3738 ·

23 3828 124 3902 valebat
139 3837 310 3906 memoriae
324 3838 489 3920 bonitate,
509 3834 632 3903 infinita
647 3834 805 3918 lectione,
821 3834 923 3902 Grue-

643 3955 648 3964 '
868 3961 925 4014 cae
