2508 4712
234 319 305 406 boa,
396 305 536 378 VITA
572 304 619 375 D.
658 296 1008 376 RUHNKENIL

237 501 274 570 lu
296 510 448 582 caparae
469 491 528 558 ubi
554 489 715 560 defecent
733 489 926 576 Albanius,
952 503 1022 559 tum
1040 495 1078 561 io
1101 493 1176 564 Au·

131 694 137 709 Ι
238 616 344 684 ctario
373 615 413 682 ad
437 615 557 682 calcem
576 613 775 692 additarum,
805 609 1020 680 Praefationis
1038 615 1176 681 alteman-

242 733 329 802 Nam
356 731 397 798 ab
423 731 513 798 edito
530 731 636 813 primo
654 728 822 798 volumine
838 729 879 795 ad
900 729 1030 796 obitum
1049 731 1173 799 edituos

161 877 166 886 ·
239 850 379 920 sedecim
405 845 530 914 fuerant
554 845 655 914 anni:
684 859 716 911 et
748 845 871 912 interea
897 844 1119 916 Ruhnkeoius
1134 851 1176 915 in·

241 968 365 1052 signem
391 963 478 1032 illam
514 961 709 1030 ineditorum
732 963 861 1048 copiam
887 953 1176 1034 Grammaticorum

242 1102 318 1151 cum
336 1079 486 1161 aliunde,
508 1094 578 1144 tum
596 1081 614 1144 ὲ
636 1078 847 1146 bibliothecis
861 1077 1109 1149 Parisieosibus
1127 1102 1177 1150 na·

244 1209 319 1266 ctus
336 1209 423 1276 erat,
441 1213 579 1276 quorum
599 1194 839 1275 comparatione
857 1193 1065 1276 Hesychium
1079 1214 1177 1263 emen·

243 1313 352 1399 duret:
379 1313 414 1380 iu
431 1311 483 1378 his
498 1309 644 1377 Lexicon
672 1309 910 1392 uictoriam,
934 1314 1037 1395 culus
1060 1313 1178 1396 compi·

242 1431 330 1498 lator
352 1429 370 1496 b
387 1427 556 1511 pleniore,
581 1445 678 1510 quam
697 1445 785 1494 nunc
803 1441 880 1508 est,
901 1425 1060 1510 Hesycbii
1074 1447 1176 1494 exem-

244 1543 306 1630 plo
324 1543 464 1627 plurima
482 1543 624 1626 sumsit,
649 1545 731 1612 unde
748 1545 820 1629 ejus
842 1544 1009 1627 scriptura
1033 1561 1062 1610 et
1080 1545 1174 1611 corri-

243 1673 342 1744 gatur
356 1672 388 1727 st
404 1661 633 1743 locupletetur.
678 1657 779 1746 Quod
797 1659 1019 1728 Rulrnkenius
1039 1662 1074 1730 in
1091 1660 1176 1752 Prae-

243 1775 371 1846 fatione
399 1776 573 1844 manifesto
598 1777 852 1860 demonstravit,
877 1779 1058 1846 ostendens
1082 1781 1178 1864 llesy·

244 1895 359 1964 chium
376 1895 550 1982 proposito
566 1913 650 1978 suo,
675 1897 765 1978 quod
789 1895 824 1962 in
842 1894 997 1978 Epistola
1022 1897 1065 1964 ad
1083 1897 1180 1965 Eulo-

246 2014 340 2098 gium
357 2011 548 2112 profitetur,
575 2011 949 2096 satisfecisse‚Lexicon
971 2013 1078 2096 ipsum
1089 2031 1177 2097 post·

247 2145 285 2198 ea
309 2127 350 2194 ab
373 2129 446 2194 aliis
470 2131 652 2196 mutilatum
670 2141 702 2196 et
718 2127 950 2212 interpolatum
970 2145 1054 2195 esse.
1079 2172 1100 2206 „
1114 2125 1179 2190 Ex·

251 2255 343 2308 onus
367 2243 451 2309 euim
471 2241 583 2325 erat”,
607 2257 643 2310 ut
665 2241 854 2310 Ruhnkenii
871 2241 983 2308 verbis
1003 2259 1074 2308 utar
1095 2288 1116 2324 „
1130 2241 1180 2307 vir

249 2354 349 2440 longe
365 2356 631 2439 eruditissimus,
646 2374 677 2424 et
695 2359 729 2424 in
744 2357 878 2424 Graecis
896 2355 1022 2424 Literis
1036 2356 1179 2424 familiam

250 2473 395 2554 ducens,
418 2473 500 2555 qui,
522 2491 598 2540 cum
617 2473 755 2540 vidisset
772 2473 936 2556 Hesychii
951 2472 1105 2541 Lexicon
1122 2491 1179 2540 noo

249 2589 446 2674 respondere
470 2587 643 2674 Epistolae
666 2590 706 2655 ad
727 2587 931 2672 Eulogium,
954 2605 1114 2657 statueret
1127 2588 1181 2654 Le·

251 2704 351 2776 xu'con
369 2707 460 2790 quod
476 2723 563 2776 nuuc
582 2705 762 2786 labemus,
784 2722 851 2772 non
862 2693 942 2772 'esse
960 2706 1097 2791 majoris
1114 2723 1182 2788 ope·

250 2825 300 2908 ris
318 2824 516 2910 Epitomen,
539 2823 596 2888 sed
613 2820 660 2888 sic
682 2821 721 2888 de
738 2820 881 2888 auctoris
897 2821 951 2887 sui
977 2839 1078 2887 manu
1094 2819 1182 2888 caiis·

252 2961 312 3024 ae,
335 2941 518 3028 Epistulam
544 2923 648 3007 autem
678 2940 718 3004 ad
745 2936 924 3020 Eulogium
951 2937 993 3004 ab
1010 2937 1182 3020 impostore

252 3059 438 3139 Graeculo,
464 3058 520 3140 qui
549 3057 642 3124 dotes
659 3055 759 3136 libri,
782 3052 976 3136 quisquiliis
992 3054 1013 3120 a
1029 3073 1062 3118 se
1077 3052 1181 3129 aucti,

253 3172 365 3240 uerbis
392 3171 623 3254 exaggerandas
656 3185 689 3236 et
722 3167 893 3234 mendaciis
919 3165 1182 3234 commendandas

253 3302 404 3378 putaret,
430 3289 582 3356 illiberali
600 3286 767 3401 mendqcio
783 3305 854 3353 esse
867 3283 1059 3354 confictam.
1100 3282 1185 3350 Coo·

257 3424 309 3478 tra
327 3405 495 3474 Albertius
526 3404 725 3472 acutissimis
747 3403 811 3471 viri
828 3401 1017 3470 excellentis
1035 3398 1187 3480 amicique

257 3526 466 3608 renonibus,
480 3522 629 3606 quamvis
650 3523 744 3590 etiam
757 3535 853 3604 atque
865 3517 959 3586 etism
978 3521 1046 3587 ase
1060 3533 1187 3603 perpen-

255 3645 328 3724 sis,
350 3664 418 3712 non
443 3641 655 3722 mouebatur,
677 3640 735 3706 sed
758 3640 851 3722 plum
875 3651 1091 3722 argumenta,
1113 3647 1185 3716 quae

256 3773 416 3842 receptam
442 3760 482 3826 ab
517 3757 670 3824 omnibus
697 3754 887 3822 sententiam
922 3764 1121 3829 tuerentur,
1156 3745 1184 3809 io

256 3870 456 3978 praelatione
472 3870 548 3940 buic
565 3871 731 3943 volumini
756 3867 987 3954 praemittenda
1005 3877 1186 3954 expromere

1153 3993 1185 4042 ro
