2572 4710
244 243 334 374 erro
373 271 696 400 omnemne:
715 267 851 351 nono
871 271 1129 356 emuntur.

244 436 443 558 'perientlm
469 467 647 552 Lectione,
672 465 904 537 Meditrtio'ner
927 468 1049 553 quibua
1071 469 1189 558 capiti

264 584 328 654 bna
353 588 504 669 tertium,
536 587 636 654 veluti
664 584 894 655 admonitionis
916 585 1012 670 loto,
1040 587 1185 672 subjeci,

118 697 122 708 ’
264 701 304 770 de
327 701 487 808 Fontibus
508 699 676 770 Ercorum.
719 701 828 786 Atque
840 701 898 768 tall
914 719 976 786 ego
992 701 1185 786 descriptio·

253 843 307 892 -ne
332 827 443 908 putavi
478 825 586 893 omnic
618 826 768 894 universe
799 825 961 894 contineri
997 839 1186 910 praecepta,

255 941 387 1027 -quibua
415 939 584 1008 Dialectici
607 941 772 1008 institutio
798 942 1027 1011 absolveretur.
1171 997 1178 1004 .

307 1052 480 1136 Sequitur,
502 1071 549 1120 ιι
566 1056 606 1120 dc
630 1053 734 1120 forma
758 1069 790 1122 et
807 1055 929 1124 ratione
945 1056 1046 1122 libelli
1067 1056 1184 1126 dicam·

261 1171 405 1239 Primum
428 1169 711 1257 igiturmateriam
738 1171 782 1238 iro
807 1171 974 1256 diapoaoi,
996 1187 1035 1240 ut
1060 1186 1186 1240 antece*

254 1287 371 1358 nentia
391 1289 630 1374 intelligentiam
651 1289 852 1372 sequentium
875 1289 1052 1372 aperirent:
1084 1304 1116 1356 et
1137 1291 1184 1358 ita

254 1426 328 1476 *rem
347 1423 509 1491 quamque
532 1406 637 1490 primo
663 1406 739 1472 loco
762 1405 879 1488 posui,
901 1417 939 1472 ut
962 1423 1106 1488 quaeque
1127 1406 1182 1474 vei

211 1581 217 1594 ,
263 1543 322 1594 sua
340 1540 453 1592 natura
476 1525 526 1591 vel
549 1522 666 1590 mentia
683 1522 879 1607 cogitatione
891 1521 984 1605 prior
998 1531 1074 1590 etat.
1117 1518 1182 1586 lta·

251 1661 350 1727 'que‚
381 1659 423 1710 ne
444 1640 483 1707 de
505 1640 576 1706 aliis
598 1640 721 1719 dicam,
753 1637 1002 1710 Enuntiatlonea
1036 1637 1186 1722 praemiai
1202 1670 1223 1720 r¹

262 1758 371 1839 Idola,
394 1772 425 1824 et
449 1753 666 1824 Definitionea
688 1772 757 1824 non
783 1754 818 1826 in
839 1753 922 1824 Ide'a
947 1756 1003 1822 aad
1018 1753 1054 1822 in
1070 1755 1183 1823 Enna·

260 1873 459 1940 elationibus
481 1871 592 1958 posui.
648 1949 655 1964 .

308 1989 451 2068 Deinde,
475 1987 509 2052 in
527 1984 712 2070 explicanda
732 2003 765 2052 re
785 2001 914 2068 quaque
928 1975 1185 2071 Platonis'prae

259 2118 398 2186 ceptum
416 2114 547 2166 secutus
565 2119 656 2182 aum,
678 2115 714 2165 ot
729 2091 903 2181 utriunque
921 2099 1071 2170 Methodi
1089 2119 1186 2170 usum

262 2210 503 2302 expromerem
525 2213 565 2280 ad
589 2231 727 2296 cumque
746 2229 856 2280 omncs
882 2213 1072 2284 Dialecticaa
1097 2217 1183 2302 leges

264 2349 460 2401 revocarem.
504 2330 550 2396 Et
567 2327 678 2396 videor
696 2329 775 2397 mihi
792 2331 851 2398 hac
869 2331 992 2400 actione
1008 2333 1119 2402 multia
1133 2333 1185 2402 lo·

263 2451 314 2522 cir
336 2450 423 2518 haud
448 2467 560 2534 parum
583 2450 666 2516 loeis
687 2451 848 2523 attulisse.

260 2591 268 2602 ·
304 2568 427 2648 Porro,
454 2580 558 2633 vetera
579 2583 654 2632 cum
680 2567 780 2634 novio¹
805 2566 849 2636 ita
869 2567 1047 2654 coniunxi,
1076 2585 1115 2638 ut
1145 2589 1187 2642 ex

265 2684 416 2766 utrisque
432 2683 556 2764 optima
579 2697 724 2764 quaeque
739 2699 952 2766 assumerem,
974 2701 1006 2753 et
1022 2655 1185 2755 distentet

262 2817 338 2870 cum
368 2799 409 2866 ad
431 2793 641 2882 recentiorum
666 2793 863 2880 Logicorum
892 2815 1058 2884 praecepta
1086 2800 1186 2868 ratio·

265 2931 403 2996 nemque
426 2912 704 2995 cognoscendam,
727 2926 795 2978 tum
815 2915 855 2983 ad
875 2905 1084 2996 antiquorum
1107 2917 1187 2984 Dia·

264 3034 453 3104 lecticorum
479 3029 721 3116 intelligentiam
740 3047 901 3102 vocarem.
943 3033 1078 3116 Saepius
1101 3033 1188 3100 enim

266 3151 571 3228 animadverterant,
593 3145 679 3212 haud
692 3164 815 3230 paucos
834 3145 986 3215 Veterum
1009 3147 1139 3230 libroa,·
1153 3161 1189 3216 et

264 3267 442 3338 nonnullos
459 3264 553 3330 ctiam
574 3261 826 3348 philosophicos
850 3277 884 3330 ct
906 3263 1102 3332 Rhetoricoo
1125 3265 1187 3336 ci·

261 3361 420 3466 ceronio,
441 3380 604 3466 neglectos
621 3381 747 3466 jaceree
770 3381 810 3448 ad
827 3395 910 3462 quoe
930 3379 1052 3465 quippe
1068 3381 1190 3453 intelli·

265 3499 389 3586 gendoa
415 3515 482 3564 non
505 3495 624 3562 aufficit
660 3495 846 3564 recentioris
871 3491 1102 3581 Philosophiae
1128 3511 1186 3567 rua

265 3615 397 3702 linguae
426 3611 560 3680 Latinae
589 3609 723 3677 scientia
751 3609 920 3694 vulgario,
949 3613 1005 3678 aed
1032 3615 1189 3698 peculiari

268 3746 355 3816 opus
373 3743 423 3798 eat
439 3729 672 3808 instrumento,
694 3741 733 3792 cx
748 3724 866 3794 verens
880 3724 1113 3814 Philosophiae
1135 3749 1190 3797 ac·

259 3843 424 3914 curatiori
447 3840 581 3910 scientia
602 3841 785 3926 depronto.
827 3837 960 3930 loque,
981 3857 1015 3921 et
1037 3842 1191 3916 veterum

1102 3977 1199 4045 acre·
