2418 4718
176 341 449 415 PLUTARCHI
467 339 736 460 monaulum.
757 346 833 416 Vol.
849 349 880 418 1.
928 343 1016 433 3652

76 543 202 613 netur,
234 549 311 597 cum
333 529 463 615 praebet
492 529 671 599 llnnotatio
690 529 956 599 Emendationum
979 551 1003 602 a

75 645 178 716 nobis
206 643 335 713 Graeco
361 645 501 729 subjecta
524 644 716 754 contextui,
746 660 815 710 tum
842 645 1001 727 praebebit

72 760 180 828 Index
209 761 373 828 Variacum
401 755 608 828 Lectionum.
658 761 725 827 sed
763 775 799 826 ut
835 779 908 841 res,
936 761 1000 826 nisi

77 889 224 960 quanta,
246 892 277 942 at
298 878 403 960 qualis
426 880 494 960 sit,
518 875 737 962 intelligatur,
768 877 883 962 paucis
911 897 997 947 nunc

75 987 290 1074 defungemur
301 992 453 1076 exemplis
464 1038 478 1074 ‚
488 1059 490 1064 ,
500 991 606 1074 iisque
620 1011 685 1058 non
700 1011 815 1078 magno
832 1013 872 1060 ex
890 994 998 1080 spatio

75 1106 244 1188 collectis,
267 1109 323 1174 sed
347 1108 387 1175 ab
413 1127 477 1176 una
499 1107 616 1175 fereae
634 1107 762 1176 dimidia
778 1110 893 1194 pagina
909 1108 1000 1176 obla·
1126 1145 1129 1154 =

2 1289 3 1308 ρ
74 1222 135 1290 tis.
178 1225 450 1312 Symposiacorum
466 1225 526 1292 lib.
545 1244 601 1292 vta
614 1221 753 1310 Ωροπονο.
769 1244 808 1294 11.
833 1226 998 1294 Editionls

67 1339 174 1408 Basil.
196 1359 231 1424 ρ.
248 1345 322 1424 71⁶·
342 1341 403 1410 Gr.
419 1341 554 1409 Latinae
575 1362 610 1426 p.
628 1344 712 1424 688,
730 1343 783 1423 E,
806 1341 923 1410 Aldina
940 1346 1014 1420 ha-¹

63 1458 123 1526 bet
161 1461 255 1546 ρούχρν
281 1459 347 1531 οὖν·
384 1441 605 1544 Basileensis‚
634 1465 728 1549 μέχρι
753 1461 802 1533 ού.
851 1461 996 1546 Ibidem,

63 1577 154 1646 Ald.
169 1579 354 1664 ύροοολοσρύς·
380 1579 679 1664 Βοεί1.ύμπλνπρούν.
704 1581 903 1666 Huiusmodi
918 1595 997 1648 sunt
1007 1617 1024 1636 ··

61 1692 209 1764 leviora.
258 1689 289 1760 E
317 1693 500 1778 graviorum
527 1712 639 1777 genere
663 1695 741 1760 hacc
778 1695 973 1778 apponimus
984 1715 1002 1763 t,

60 1813 178 1881 eadem
203 1809 320 1894 pagina
341 1809 492 1894 proximo
516 1829 629 1893 versu,
652 1813 768 1880 Aldina
793 1813 910 1896 habet,
931 1818 1013 1896 ἐγὼ·

61 1931 117 2013 ρύν
133 1929 206 2010 γὰρ
223 1927 281 2011 ούρρ
295 1929 349 2011 aad
367 1927 433 2013 maol
454 1927 545 2010 πύρον
563 1929 582 2009 ἢ
605 1928 703 2014 πύρνον
725 1933 886 2018 laudanda·
906 1935 1014 2003 ύλλὸ·

62 2051 155 2119 κατὰ
171 2048 301 2150 πλῆθος
325 2044 519 2112 Basileensis
537 2045 680 2130 rectius,
701 2051 762 2128 lyd
779 2051 837 2132 ula
854 2053 917 2134 yda
934 2054 996 2135 οὐχ

63 2168 115 2248 dm
131 2169 202 2233 πῶν
225 2161 323 2246 πύρνον
337 2160 482 2246 diffide
496 2162 598 2242 ἄλλος
614 2163 633 2241 ἢ
648 2165 730 2231 κοτὲ
752 2164 875 2240 πλῆθος·
898 2176 996 2243 atque

66 2279 145 2346 item
166 2276 254 2344 dedit
278 2294 570 2344 snnnuauus.
602 2274 743 2361 Quaem.
761 2295 811 2344 tv.
830 2277 920 2345 Edit.
935 2277 997 2344 Ba·

66 2375 120 2461 au.
135 2411 178 2476 p.
189 2409 264 2475 717.
287 2389 348 2457 ur.
366 2387 442 2459 Lat.
460 2387 662 2474 p.o90,'c‚
679 2392 713 2458 in
730 2391 847 2458 aldana
863 2404 912 2458 est
928 2418 994 2475 ,a-

64 2505 274 2596 λππύριονον·
286 2501 320 2568 in
330 2499 504 2568 Basileensi
520 2503 638 2568 rectius
655 2506 892 2590 aidnduavoa,
904 2509 996 2590 quod

64 2623 140 2688 item
163 2639 206 2688 ex
229 2635 420 2687 nnomoo
445 2633 475 2684 et
500 2637 697 2686 senonuo
727 2621 874 2687 exhibust
900 2641 997 2688 sun·

67 2737 267 2812 nanetus.
298 2738 419 2807 ibidem
445 2753 494 2806 est
510 2741 688 2825 exemplum
707 2742 894 2810 mutationis
911 2745 999 2826 ejus·
1025 2807 1028 2810 .

67 2860 182 2942 modi,
206 2877 269 2942 qua
285 2858 319 2924 in
336 2859 446 2927 locum
464 2873 631 2942 corruptae
651 2857 802 2924 lectionis
818 2857 878 2924 alia
901 2858 997 2942 poni.

68 2991 119 3044 tur
134 2975 239 3043 lectio
254 2992 354 3058 aeque
368 2987 543 3058 coempta:
566 2971 684 3042 Aldina
702 2971 750 3040 sic
766 2972 883 3054 habet,
901 2977 918 3052 al
934 2978 997 3059 γὰρ

69 3094 125 3164 dat
132 3103 191 3172 τῆς
208 3093 385 3177 ύορρύπνρποο
403 3094 502 3170 duecte
516 3093 681 3179 πολύπορον
692 3096 735 3164 cal
752 3083 998 3177 aduocationem

74 3211 312 3296 ύπονρρππμύννρ·
333 3209 546 3292 Basileensis,
563 3214 582 3290 ἧ
599 3212 661 3294 γὰρ
675 3211 733 3279 aial
747 3217 802 3288 aila
816 3211 994 3293 θερμότητος
1037 3293 1042 3300 Ι

75 3323 359 3410 macerandum
380 3327 611 3408 celadusam,
637 3325 733 3405 ροοννύν
756 3325 997 3406 decennalia·
1106 3353 1110 3364 “

77 3453 356 3504 assumamus
388 3454 493 3520 recte,
523 3441 626 3520 ἡγὰρ
652 3440 711 3508 ὑπὸ
740 3444 807 3514 cic·
822 3439 1033 3521 leonianam·

72 3549 174 3625 ἄνοσον
189 3556 357 3637 πολύπορον
382 3556 417 3622 ού
441 3557 531 3635 πύρνον
558 3554 610 3622 acal
634 3555 729 3633 ροπνύν
756 3556 996 3638 ύποορροοορούννρ·

73 3663 149 3730 item
167 3683 271 3738 exstat
289 3668 323 3734 in
345 3670 456 3736 codice
473 3670 596 3753 scripto
612 3668 780 3751 Palatino,
805 3689 854 3737 aa
865 3675 974 3739 outo
986 3681 1016 3738 ι’

73 3789 243 3869 exemplo,
267 3801 299 3851 et
328 3787 515 3870 Anonymo‘.
565 3783 685 3868 Neque
709 3803 789 3853 vero
811 3806 867 3870 per
894 3803 1002 3854 totum

72 3897 169 3984 Opus
192 3901 379 3970 Moralium
412 3905 487 3973 item
512 3917 575 3970 tan
603 3903 691 3973 brevi
719 3902 824 4000 spatio
848 3917 913 3969 tatu
940 3896 1004 3962 fre-
1133 3961 1138 3974 .

904 4025 1007 4091 quen·
