2418 4718
137 303 399 384 murnactn
418 305 689 380 nonnnttnu.
711 311 786 385 vn.
801 321 830 392 t.
883 319 949 410 ns

36 511 141 584 preto,
163 517 229 568 non
251 499 458 582 quaerimusr
480 509 564 565 certe
587 499 722 574 interiit.
765 505 848 576 illud
861 510 949 578 haud

38 615 161 682 tlicnum
187 616 230 682 sit
261 632 427 696 quaerere,
466 631 506 680 an
537 614 722 686 Plutarchei
757 634 790 686 et
817 625 948 693 omnino

39 733 249 814 Antiquotum
276 729 351 795 libri
375 729 465 795 multi
497 727 716 802 interciderint
738 735 795 802 illa
826 739 952 806 calami·

37 859 120 929 tate3
151 863 191 912 en
213 859 330 914 tantem
353 845 450 913 nobis
477 847 624 912 attulerit
648 849 829 935 jacturam,
851 872 954 936 quan·

35 973 96 1026 tarn
126 963 223 1048 vulgo
252 976 386 1044 putant,
420 975 482 1045 ut,
520 964 585 1031 nisi
617 963 792 1032 interiisset
820 967 877 1034 illa
905 967 955 1033 bi·

39 1076 213 1160 bliothcca,
234 1079 333 1146 libros
355 1077 448 1164 ejus,
474 1095 561 1146 certe
577 1097 686 1148 eorum
710 1081 854 1165 exempla
861 1127 875 1172 ‚
894 1083 958 1149 ho·

37 1197 148 1278 dieque
177 1196 374 1262 haberemus.
426 1193 583 1278 Equidem
610 1195 695 1261 haud
720 1197 855 1264 credam.
901 1201 955 1265 Ac

37 1311 166 1394 primum
193 1311 322 1393 quidem
348 1309 499 1376 credibile
523 1321 573 1376 est
594 1311 660 1395 jam
685 1326 758 1377 ante
781 1311 959 1382 Saraceno-

41 1445 100 1492 rum
132 1426 303 1493 adrutum
337 1425 462 1492 multos
493 1425 648 1507 antiquos
676 1425 747 1510 ejus
782 1426 956 1495 bibliothe-

43 1559 89 1608 cae
112 1541 213 1608 libros
239 1541 445 1608 intercidisse
471 1539 672 1608 describendi
699 1539 805 1609 officio
831 1545 959 1626 neglec-

43 1669 89 1723 tor
119 1669 264 1741 magnam
302 1656 396 1722 etlam
430 1669 552 1739 partem
585 1656 761 1739 librorum,
795 1657 852 1740 qui
883 1673 962 1728 tunc

45 1789 141 1855 mant,
161 1771 269 1840 fuisse
298 1754 406 1839 nouos
433 1783 466 1837 et
490 1769 740 1840 ecclesiasticos.
785 1775 886 1842 Porro
910 1793 965 1842 ve·

47 1889 163 1956 sisimile
194 1903 270 1971 est,
296 1887 332 1952 in
363 1883 430 1954 illis
460 1885 518 1969 qui
539 1900 618 1953 tunc
646 1887 856 1956 Alexandriae
877 1905 966 1958 etant

48 2003 144 2088 libris,
181 2020 238 2070 aut
285 2017 410 2087 paucos
447 1999 552 2076 fuisse
587 2017 644 2068 aut
680 2002 792 2071 nullos
825 2023 999 2094 quotum,

50 2121 194 2187 sonitem
223 2120 259 2186 in
282 2115 422 2185 Graecia
446 2133 555 2185 essent
578 2118 742 2202 exempla,
766 2111 887 2202 'quibus
913 2122 968 2186 de·

54 2236 209 2306 scribendis
240 2236 288 2302 ad
317 2231 527 2300 recentiorum
559 2248 690 2300 aetatem
714 2234 883 2320 propagari
905 2253 991 2320 po·⁸

55 2351 183 2421 tuissent.
228 2349 390 2420 socordia
409 2345 632 2431 Graecorum,
656 2365 687 2415 et
704 2363 890 2418 contemtus
907 2351 968 2418 bot·

54 2483 146 2532 natum
168 2467 355 2534 Literarum
384 2465 489 2532 multo
514 2465 591 2548 plus
618 2467 787 2533 valuerunt
816 2469 856 2532 ad
881 2481 969 2533 vete·
1094 2457 1099 2470 '

54 2599 112 2647 run
129 2583 284 2650 librorum
309 2581 466 2666 jacturam
480 2626 493 2661 ,
521 2597 617 2662 quam
633 2598 744 2647 omncs
760 2580 907 2662 barbarl3
933 2593 970 2647 nt

56 2699 133 2766 ctiam
158 2699 186 2768 si
211 2695 365 2767 Saraceni
383 2695 433 2762 vel
460 2713 527 2763 non
544 2695 706 2778 cepissent
725 2695 972 2776 Alexandriam

56 2815 99 2880 rel
125 2835 232 2884 omnes
258 2811 367 2880 libros
397 2810 430 2877 in
464 2809 632 2876 Graeciam
668 2809 891 2893 dimisissent,
923 2809 974 2878 his

60 2945 108 2997 nus
124 2930 206 3000 haud
221 2929 328 3018 magis
345 2926 536 2996 frueremur.

280 3189 576 3245 SABCUL
640 3187 753 3240 vlit

107 3391 393 3481 lollnNNEs
427 3381 834 3474 DnMnscuN·US‚
865 3411 982 3462 memo·

72 3509 170 3579 randus
199 3515 304 3582 aliena
329 3512 430 3600 magis
458 3531 553 3594 quarn
578 3527 638 3576 sua
673 3511 777 3575 laude.
821 3509 859 3575 ln
884 3511 983 3594 hujus

71 3617 162 3690 Satn’s
187 3629 355 3697 Patallelis
379 3641 482 3695 exstat
511 3626 665 3693 indicium
694 3623 828 3689 labentis
856 3623 907 3692 vel
931 3643 985 3688 ex·

71 3737 167 3807 uincti
196 3743 312 3825 potius
336 3757 476 3810 veterum
512 3739 693 3808 Literarum
717 3737 828 3806 studii.
872 3739 987 3804 Locus

69 3847 256 3927 Communes
292 3857 449 3926 stobaeus
487 3873 527 3921 ea
555 3855 636 3920 solis
663 3853 820 3940 Antiquis
845 3854 989 3931 college-

543 3969 629 4052 X4.
944 3975 994 4030 ret
