2508 4712
216 323 437 406 ‘iiiam
473 319 805 393 RUHNKENH.
910 321 979 412 665
1118 381 1126 398 .

55 519 198 618 iubebat.
237 518 337 588 *Fecit
361 530 512 594 measque
527 493 657 576 notulas
674 507 763 574 itaci
780 507 916 592 tradidi,
940 513 978 579 itt

55 650 119 712 s'uo
133 643 205 724 ipse
217 631 366 721 judicio,
382 629 470 696 nulia
486 625 547 690 mei
562 621 645 688 facta
659 621 894 700 mentione,iis
912 639 980 690 uts-
1076 695 1077 698 Ἴ

53 771 156 826 retur.
200 749 263 817 Sed
277 749 316 814 de
337 746 405 828 ejus
430 743 463 808 in
486 737 673 821 Longinum
698 736 979 823 animadversionb

51 871 117 936 bus
136 879 249 950 postea
268 859 429 925 dicemus:
453 871 541 921 nunc
560 853 601 918 de
617 850 862 934 Xenophonteis
879 851 979 918 verba

49 981 248 1051 mouendum
264 975 402 1043 videtur.
474 1023 477 1032 .

95 1097 135 1164 ln
160 1096 390 1177 plerorumque
421 1084 572 1152 Veterum
598 1080 798 1163 Scriptorum
823 1079 979 1173 exemplis

48 1214 91 1280 'ad
118 1209 292 1294 marginem
317 1201 480 1286 cujusque
506 1196 571 1264 loci
596 1209 706 1262 notare
731 1195 876 1277 solebat,
898 1214 977 1262 cum

48 1342 149 1406 suas,
164 1337 232 1389 tunt
247 1317 349 1403 magis
364 1317 460 1381 ctiam
473 1315 610 1380 aliorum
626 1308 882 1390 emendationes,
897 1321 978 1391 quae

46 1441 82 1506 irr
100 1439 156 1505 iila
172 1434 313 1502 editione
329 1450 395 1500 non
407 1443 515 1496 essent
531 1441 734 1492 memoratam
777 1423 979 1504 Xenophon-

47 1575 115 1627 tem
140 1551 295 1640 pecuiiari
312 1549 447 1632 quadam
465 1563 542 1612 cura
558 1555 768 1621 tractaverat,
790 1556 823 1608 et
842 1540 876 1608 in
895 1559 978 1615 man

49 1679 128 1761 gine
140 1670 277 1756 exempli
292 1665 523 1737 Lettmtlaviani
540 1680 606 1730 non
624 1661 721 1728 modo
733 1660 893 1739 iliius,de
907 1679 977 1742 quo

49 1792 199 1860 diximus
209 1836 221 1873 ,
232 1786 355 1874 generis
370 1783 596 1852 annotationes
611 1782 804 1863 scripserat,
815 1783 976 1850 sedetiam

52 1925 171 1977 omnes
197 1903 486 1972 Grammaticorum
511 1919 547 1966 ac
575 1898 641 1966 fere
665 1897 867 1979 Scriptorum
884 1899 976 1968 iocos

41 2033 244 2095 notaverat,
263 2017 320 2102 qui
341 2017 432 2084 locos
447 2009 674 2095 Xenophontis
689 2011 884 2095 attigissaata
913 2013 979 2096 lgi-

43 2151 102 2204 tur
134 2136 177 2202 ad
217 2133 351 2198 Veteres
379 2131 552 2212 plerusque
581 2126 760 2208 Scriptores
794 2130 977 2196 tractandos

40 2254 142 2321 etiam
152 2251 194 2320 'si
210 2247 323 2317 subito
340 2246 522 2328 accederet,
546 2261 718 2325 numquam
735 2243 909 2327 imparatus
923 2245 977 2310 act‘

38 2366 196 2435 cedebat.
249 2359 351 2426 Porro
378 2357 550 2424 Emestum
578 2357 776 2424 vehementer
799 2357 974 2444 diligebat,

39 2503 117 2552 cum
140 2477 239 2564 quod
255 2477 297 2542 ab
315 2473 372 2541 ilio
389 2474 461 2558 ipse
486 2474 670 2560 diligeretur
678 2463 696 2554 ,’
713 2487 782 2539 tom
803 2476 894 2557 quod
917 2494 974 2543 eos

38 2597 201 2680 quaedam
228 2589 327 2657 animi
350 2603 382 2656 et
411 2588 567 2672 elegantia
597 2588 761 2656 doctrinae
787 2590 970 2658 similitudo

37 2719 278 2804 conjungerem
312 2725 346 2778 et
378 2708 637 2792 quandoquidem
674 2707 703 2770 is
739 2705 975 2786 Xenophonteo

37 2826 280 2899 Memorabilia
298 2821 428 2906 saepius
452 2819 625 2900 edidisset,
649 2819 704 2882 sed
723 2835 782 2899 pto
800 2799 888 2885 more
904 2821 975 2901 ipse

36 2970 99 3018 suo
123 2963 158 3014 et
178 2943 252 3012 levi
269 2951 449 3023 apparatn;
470 2934 620 3020 cupiebat
643 2932 855 3000 Ruhnkeoius
873 2934 977 3002 Eine.

36 3080 125 3132 stum
153 3077 250 3130 nova
270 3052 409 3121 editione
426 3021 692 3134 operaepretium
713 3043 816 3112 facere
836 3064 977 3128 smeque

39 3181 152 3264 ipsum
183 3165 427 3242 existimationi
452 3165 537 3248 apud
562 3161 684 3247 peritos
708 3161 835 3244 quidun
849 3159 975 3244 judices

33 3296 245 3373 consulere,
268 3287 383 3370 eique,
405 3283 446 3350 ad
462 3281 632 3350 ornandam
648 3296 765 3346 novam
782 3275 973 3356 editionem,

36 3412 145 3481 varias
173 3402 335 3476 codicum
362 3397 558 3481 scriptorum
580 3393 737 3462 lectiones
759 3406 790 3458 et
807 3411 883 3460 suas
902 3394 975 3476 ipse

37 3521 348 3597 animadversiones
377 3511 606 3582 submittebat:
640 3527 738 3592 porro
766 3505 975 3575 Valckenario
1044 3533 1053 3545 ·
1100 3494 1105 3500 ’

39 3640 290 3730 persuadebat,
308 3648 346 3700 ut
361 3630 479 3714 etipse
495 3646 572 3696 suas
589 3624 812 3693 annotationes
826 3622 980 3709 adjunge·

40 3763 101 3826 r'et.
127 3757 198 3824 Sed
214 3755 281 3819 hoc
299 3747 462 3833 negotium
481 3743 618 3813 similem
636 3738 831 3820 fere,atque
847 3737 881 3806 in
898 3735 979 3805 Cai-

39 3876 209 3948 iimacbett
228 3865 390 3948 editione,
409 3858 668 3932 babuitenitum.
698 3851 787 3926 Nam
802 3853 980 3922 Valckena-

914 3980 984 4032 ctus
