2506 4712
194 373 334 447 vrrn
370 373 415 444 n.
451 373 798 450 unumunurn
893 395 961 468 Μ

18 580 87 633 sus
113 563 368 656 inexspectatum
403 561 496 633 Fred.
529 563 617 648 Aug.
653 561 789 646 Woifii‚
818 561 953 634 Homeri

16 679 195 747 editionem
218 679 401 763 reipublice
427 678 630 768 dedicantis*
669 681 767 748 Hunc
791 680 895 748 virum
928 687 948 752 i

17 793 159 877 scriptis
172 795 243 881 ejus
254 840 266 874 ,
276 808 388 879 postea
402 794 609 877 epistolarum
631 795 738 864 officio
754 796 946 882 cognitum,

16 923 124 974 unum
153 907 326 992 inprimis
362 924 540 978 exterorum
574 925 738 979 accuratae
767 911 948 981 Literanrm

19 1019 176 1088 scientiae
200 1037 315 1088 caussa
343 1023 450 1106 magni
467 1021 621 1092 faciebat:
646 1028 782 1112 ejusque
792 1025 950 1112 Prolego·

20 1147 113 1199 mena
136 1129 309 1198 Homerica
337 1147 405 1200 tum
428 1152 537 1202 recens
562 1137 676 1218 allata,
699 1138 854 1225 singulari
870 1159 947 1208 cunt
1066 1204 1069 1210 .

18 1249 190 1330 voluptate
210 1248 309 1334 legit,
331 1249 426 1318 etiam
446 1249 502 1316 ubi
518 1249 558 1317 nb
575 1271 613 1318 eo
633 1251 837 1320 dissentiret:
858 1256 951 1322 velut

21 1361 55 1426 in
81 1378 117 1426 ea
151 1361 403 1446 disputatione,
434 1383 517 1446 quae
543 1383 687 1451 magnam
720 1365 794 1434 libri
826 1383 951 1451 partem

20 1477 280 1562 complectitur,
321 1498 385 1562 qut
419 1482 584 1548 ostendere
614 1497 777 1564 conatur,
816 1481 951 1552 Homeri

21 1592 185 1675 carmina,
207 1603 273 1662 non
301 1594 342 1660 ab
367 1614 454 1677 uno,
477 1597 533 1662 sed
556 1596 705 1678 pluribus
727 1597 875 1680 Poitis‚·
892 1618 949 1666 vt·
977 1599 978 1604 ’

21 1706 79 1772 riis
106 1706 262 1775 aetatibus
291 1712 493 1792 composita,
523 1729 591 1784 uon
624 1711 688 1778 nisi
714 1713 948 1795 rhapsodorum

25 1824 176 1891 memoria
212 1803 373 1907 cantuque
408 1840 564 1908 servate,
594 1825 708 1911 ignoto
729 1827 834 1894 adhuc
863 1829 949 1911 apud

22 1937 167 2012 Graecos
194 1937 354 2006 scribendi
386 1957 486 2021 usu,
517 1938 786 2006 Pisistratidtrum
820 1942 949 2015 demum

26 2068 125 2122 aetate
139 2057 265 2138 scripto
282 2057 427 2122 mundata
443 2073 526 2124 esse.
572 2053 664 2122 Hanc
684 2053 748 2120 sibi
764 2055 949 2138 opinionem

26 2189 90 2238 non
123 2170 253 2254 probari
288 2171 394 2256 ajebat
428 2169 663 2238 Ruhnkeniusx
696 2183 728 2236 tt
754 2171 952 2239 vehementer

27 2287 153 2368 probuti
177 2271 373 2370 designatam
391 2286 515 2373 egregie
532 2285 615 2354 amm
638 2287 814 2356 carminum
830 2287 952 2358 Homo·

28 2408 166 2476 ricorun
187 2409 226 2474 ad
242 2407 384 2476 criticum
411 2407 593 2492 scripturae.
613 2409 832 2480 auctoritatem
856 2405 951 2474 resti.

29 2528 231 2594 tuendorum.
277 2525 322 2592 Et
342 2525 399 2590 hnc
418 2523 556 2593 lectione
578 2523 778 2591 excitabatur
799 2524 841 2590 ad
857 2524 951 2590 colii·

28 2637 145 2730 gendo,
180 2657 260 2720 quae
281 2641 321 2705 de
348 2641 457 2709 eodem
486 2656 674 2724 argumento
705 2639 740 2706 in
764 2639 953 2708 adversariis

29 2773 136 2836 sparsa
160 2753 321 2821 habebott
354 2753 434 2834 sed,
466 2751 753 2828 intervenientibus
781 2769 859 2820 mox
880 2752 952 2822 aliis

31 2866 197 2954 negotiis,
220 2867 239 2932 d
262 2863 435 2949 proposito
463 2863 599 2932 destitit.
736 2916 741 2926 .

65 2985 190 3052 Interea
211 2999 274 3047 rem
286 2980 472 3048 familiarem
489 2979 667 3064 affligebant
693 2997 767 3046 cum
790 2977 869 3048 aliae
888 2977 956 3050 bel·
1092 2973 1099 3004 '

29 3101 106 3168 litae
121 3096 338 3177 calamitates,
360 3112 429 3163 tum
455 3113 600 3168 annonae
624 3095 758 3163 caritas:
783 3093 954 3170 difficultas

32 3217 221 3304 augebatur,
242 3214 543 3280 decrescente1cum
566 3211 806 3294 discipulorum
820 3229 954 3284 numero

36 3335 130 3400 simul
163 3331 291 3414 priuato
329 3329 510 3416 vectigalis
543 3330 720 3412 iisdemque
744 3326 960 3399 incommodis

34 3455 179 3535 proximo
200 3453 465 3540 anno·(1796.)
496 3451 761 3535 minmttbus,a
789 3453 960 3526 curatori·
1070 3470 1075 3480 ·

36 3565 93 3636 bus
109 3567 207 3635 additi
232 3568 348 3640 salario
371 3569 505 3637 trecenti
528 3569 639 3636 flor-eni
656 3569 758 3652 magis
774 3567 960 3636 benivolen-

36 3683 91 3754 tiae
117 3685 403 3771 significationem,
431 3703 525 3770 quarn
559 3685 738 3752 detrimenti
772 3701 962 3768 compensa·

36 3800 176 3884 tionem,
198 3801 394 3876 adferebant.
427 3801 608 3870 Accedebat
625 3801 685 3866 alia
703 3798 860 3891 molestia.
888 3800 960 3869 Do·

38 3914 118 3988 lebat
136 3921 206 3990 suis
214 3918 411 3990 doctoribus
439 3918 566 3988 orbatas
592 3916 776 4000 mentitas,
793 3913 881 4002 Juris
899 3914 963 3980 Pu·

512 4031 566 4102 Zz
589 4048 609 4116 3
896 4021 961 4095 bu·
