2562 4708
234 301 319 375 w·
388 277 722 356 tununnensis
741 273 1013 352 ERIMAEUIT.

244 475 318 552 ruht
333 471 466 546 ueritate
476 491 479 503 ·
490 465 673 537 etiraauoeli
691 463 851 532 orationis.
865 462 1042 546 facilitate,
1064 477 1182 544 catate·-⁸

244 598 290 664 ria
307 598 341 662 in
359 588 492 672 scriptis
508 585 593 650 alios
606 579 790 664 Scriptores
805 580 1071 664 superacutum
1083 583 1179 656 Anu,

243 714 314 780 basi
331 729 365 776 se
381 708 451 790 ipse
473 683 642 784 anpuaaae
658 698 798 764 videtur,
843 696 949 780 Igitur
970 697 1047 764 hinc
1065 699 1179 782 pluri-2
1206 781 1210 790 ι

244 847 296 896 nra
320 828 355 896 itt
378 815 704 891 nostrumrlibellunr
731 815 916 898 retulimus.
934 837 938 875 ι
959 813 1073 882 Tertio
1094 816 1173 883 loto

244 960 336 1017 aunt¹
353 939 543 1016 Hellenita,
571 933 699 1012 idest,
728 931 848 996 Rerum
879 928 1077 998 Graecarum
1093 927 1170 1006 libri

244 1063 319 1132 inde
335 1058 381 1123 ab
409 1053 499 1120 exitu
523 1049 677 1118 historiae
704 1047 933 1130 Thucyntteac
959 1048 998 1114 ad
1023 1067 1181 1131 pugnans,

243 1175 535 1260 Mantineenscnnt.
554 1177 639 1248 opus
656 1240 659 1248 ,
675 1164 751 1234 itera
785 1163 974 1250 egregium,
1000 1179 1036 1230 ut
1062 1167 1176 1234 Xeno«

242 1291 420 1380 phontwm
445 1299 478 1350 et
501 1280 636 1348 unitatur
660 1281 700 1346 de
724 1280 787 1344 hoc
805 1287 1045 1360 argumentetur
1061 1281 1173 1348 eaden

244 1423 362 1478 mutet
396 1405 452 1470 aed
475 1397 663 1484 scriptionis
683 1394 876 1480 praestantia
895 1394 1085 1475 erratione,
1109 1415 1170 1464 no·

244 1539 315 1592 nro
332 1520 460 1604 quidem
480 1533 599 1604 seusu,
621 1513 723 1594 impar
736 1510 869 1584 duobus·
881 1509 1055 1592 prioribus.
1083 1511 1174 1598 Qui·-
1213 1535 1215 1538 ·

244 1644 310 1708 hus
329 1634 420 1704 lectis
446 1631 502 1718 qui
534 1632 573 1696 ad
596 1629 659 1696 hoc
681 1626 808 1692 tertium
835 1628 982 1706 accedat,
1004 1627 1082 1710 quis
1100 1649 1170 1698 non

245 1753 408 1837 singulare
424 1745 506 1828 quid
519 1763 557 1825 ac
582 1745 675 1826 piane
696 1740 841 1823 divinum
866 1755 1050 1824 exspectet,
1073 1761 1109 1810 ut
1135 1745 1173 1814 in

244 1870 363 1954 maiore
379 1880 493 1944 eampo
511 1873 543 1928 et
556 1858 658 1926 totius
674 1856 827 1924 Graeciae
841 1858 931 1939 luce,
956 1875 1101 1943 tempore
1117 1884 1184 1942 ao,l

247 1981 333 2067 quali
358 1993 399 2058 et
414 1986 599 2057 praesente,
620 1971 794 2054 eodemque
823 1973 948 2055 magnis
974 1988 1006 2040 et
1024 1975 1120 2042 rebus
1139 1993 1172 2044 et

245 2094 326 2162 viris
341 2085 564 2172 feracissimo?
581 2085 666 2174 Quis
682 2103 749 2153 non
767 2087 863 2154 locos
873 2087 1039 2171 illustres,
1055 2107 1173 2160 nostro

244 2208 357 2288 libello
381 2203 665 2284 accommodatos,
685 2205 749 2287 jam
767 2221 784 2270 e
799 2205 916 2286 puerili
938 2205 1146 2278 institutione
1156 2254 1178 2291 ,„

243 2317 387 2414 ip'epotis
403 2317 580 2382 aliorumve
597 2316 756 2398 lectione,
770 2319 940 2402 cognitos,
958 2318 993 2384 in
1013 2321 1075 2386 hnc
1091 2342 1189 2404 ope·.

245 2454 303 2515 re,
325 2429 426 2499 veluti
443 2431 517 2498 sede
530 2449 566 2518 ac
584 2429 702 2522 fonte,
729 2429 888 2511 quaerat?
933 2428 1058 2494 Horum
1077 2431 1176 2514 pleri·

244 2567 309 2635 que
331 2547 443 2614 leviter
459 2549 496 2610 ¹et
521 2544 657 2642 sparsim
674 2557 872 2624 tanguntur,
896 2542 1006 2620 veluti,
1028 2560 1077 2638 res¹
1107 2544 1171 2612 Al.

244 2663 404 2746 albiadis,
433 2658 604 2753 Cononis,
641 2657 833 2742 Iphicratis,
867 2657 1055 2742 Timothei,
1083 2661 1174 2748 Epa.

157 2841 162 2852 .
244 2780 436 2859 mirandae,
458 2775 650 2860 Pelopidae,
669 2771 840 2844 Leuctrica
854 2793 986 2865 pugna,
1003 2778 1093 2850 aliae.
1117 2781 1174 2866 Ip-

244 2895 315 2972 sius
345 2893 537 2964 narrationis
566 2905 602 2954 ιιι
628 2889 750 2958 inillis
781 2889 911 2959 duobus
939 2896 1093 2976 operibus
1119 2913 1173 2966 est

244 3014 341 3099 copia
365 3027 395 3110 et
419 3008 534 3090 vigor,
557 3007 604 3076 ita
625 3005 660 3072 in
685 3007 747 3074 hoc
772 3009 932 3092 subinde,
956 3013 1065 3078 nescio
1086 3033 1173 3094 quo·

244 3129 363 3206 modo,
378 3120 503 3205 exilitas
525 3134 559 3189 et
573 3122 730 3215 languor,
753 3123 820 3192 uisi
838 3124 903 3196 fere
921 3127 978 3192 ubi
996 3129 1035 3193 de
1053 3129 1186 3219 rigeat.⁸

242 3250 294 3315 lao
319 3255 352 3310 et
373 3239 539 3322 Spartanis
566 3237 692 3330 agitur:
724 3259 822 3323 porro
849 3243 973 3326 elogia,
999 3243 1105 3324 qualia
1130 3244 1167 3316 in

242 3356 385 3432 Ambasi
413 3371 491 3423 sunt
519 3353 602 3440 Cyri
625 3341 657 3424 et
682 3357 819 3443 aliorum
847 3360 988 3439 ducum,
1020 3359 1172 3450 hicnon

241 3477 330 3552 itata.
374 3473 482 3562 Quare
496 3491 590 3558 saepe
607 3473 641 3540 in
660 3492 727 3541 eam
744 3475 970 3564 cogitationem
989 3476 1113 3558 incidi,
1131 3492 1168 3544 ut

244 3593 450 3674 suspicarer,
473 3592 776 3679 xenophontemin
802 3593 865 3661 hoc
891 3611 987 3675 opere
1013 3609 1068 3660 aut
1086 3611 1172 3660 mere

242 3709 489 3780 commentarios
505 3709 717 3796 consignatae
730 3711 886 3780 historiae
904 3725 1017 3794 postea
1035 3712 1073 3776 ab
1091 3710 1170 3791 ipso

245 3823 410 3910 copiosius
431 3843 467 3894 ac
482 3826 972 3914 ,diligentiuaconscribendam
992 3843 1047 3898 aut
1075 3829 1173 3934 nulia

1106 3945 1170 4010 sui
