2438 4718
178 305 312 388 turi
348 305 396 374 u.
432 295 770 368 uuuuttuurr.
874 315 974 408 521,

23 509 70 576 acl
86 503 155 572 sine
167 511 285 568 nostro
302 488 495 576 praeconio,
517 501 574 568 per
587 482 866 552 innumerabilium
884 487 939 554 dc·

23 605 149 688 cursum
172 625 353 688 annorum,
376 606 482 689 quoad
510 600 640 684 quidem
669 617 750 666 suus
773 597 894 669 Litcris
908 613 941 674 et
970 680 974 688 Ι

24 725 211 802 humanitati
225 722 399 792 constabit
423 719 542 790 bonos.
587 713 651 784 Sed
675 717 796 802 buius,
828 689 942 798 qum.

24 853 71 919 ris
96 848 291 924 diuturnae,
323 837 526 906 laudiacum
553 832 594 900 ad
623 825 749 915 paucos
769 833 945 920 pertinebit
971 814 1003 910 ⁵.

20 971 156 1052 notitia,
179 986 237 1036 eos
255 960 400 1042 leaequi
417 957 538 1040 scripto
551 953 614 1022 viri
627 953 782 1038 legerint,
808 967 877 1022 tum
897 971 940 1024 ue

16 1089 135 1158 borum
164 1082 292 1167 quidem
314 1077 441 1154 animos
465 1069 619 1156 explebit.
671 1067 755 1134 Nam
786 1082 821 1134 ut
844 1065 942 1136 Vete-

12 1222 114 1285 rum,
138 1215 275 1284 quorum
304 1193 407 1262 libros
433 1205 505 1254 cunt
534 1182 644 1250 fructu
662 1197 693 1248 et
711 1183 879 1265 voluptate
896 1182 940 1250 le·
1073 1263 1075 1266 Ι

19 1289 149 1406 gimus,
170 1315 258 1399 ipsas
286 1311 381 1376 etlam
398 1324 447 1371 res
464 1302 616 1383 vittaque
631 1313 827 1382 cognoscere
850 1296 942 1380 cupi·

24 1445 302 1514 mus,eaaumque
318 1423 349 1492 si
366 1418 450 1490 nibil
465 1432 521 1485 aut
538 1431 650 1500 parum
665 1412 706 1482 ad
722 1425 863 1478 nostram
880 1427 950 1484 met

23 1547 154 1616 noriam
178 1539 346 1628 pervenit,
367 1535 501 1612 moleste
524 1530 679 1606 ferimuat
701 1527 746 1595 ita
768 1543 799 1592 et
822 1523 946 1609 posteri

24 1665 222 1748 quicumque
240 1668 353 1734 erunt,
375 1667 406 1716 et
423 1665 551 1718 nostrae
570 1645 682 1713 aetatis
699 1643 845 1726 aequales
862 1645 946 1710 mul.

23 1783 74 1864 ai,
106 1777 163 1862 qui
191 1771 379 1842 Ruhnkenii
406 1769 458 1835 vel
483 1783 600 1834 nomen
624 1765 665 1836 ab
692 1762 768 1830 allis
796 1761 948 1834 celebrari
1039 1827 1041 1832 .

23 1893 231 1972 audiverint,
253 1887 306 1956 aci
329 1884 510 1972 doctrinam
530 1877 674 1966 legendis
686 1879 826 1962 scriptis
842 1897 964 1962 percu·

25 2011 151 2099 perior,
184 2005 316 2074 uberius
348 2001 497 2086 quiddam
531 2012 563 2066 et
593 1997 744 2068 interius.
764 1997 948 2080 requirent,

28 2131 109 2196 uude
142 2140 211 2191 nom
246 2120 343 2189 modo
369 2118 583 2201 scriptorem,
619 2113 676 2180 sed
704 2111 887 2196 homiuem,
917 2112 951 2181 id

30 2259 97 2325 est,
127 2239 238 2324 ipsius
265 2255 338 2319 res,
370 2237 476 2314 satta,
498 2243 626 2311 mores,
648 2227 813 2311 animum,
834 2229 952 2300 vitam·

31 2377 111 2441 que,
138 2365 357 2439 cognoscant.
388 2349 512 2438 luitur
543 2365 610 2431 quo
644 2348 791 2432 majorem
823 2347 950 2416 Literao

30 2492 98 2540 eum
123 2471 269 2552 ubique,
299 2482 369 2533 tum
392 2464 575 2549 praesertim
602 2462 768 2531 innostra
793 2463 947 2548 batavia,

31 2589 107 2656 tanti
130 2583 198 2654 viti
217 2584 310 2652 obitu
331 2585 483 2669 jacturam
501 2581 671 2662 iecerunt,
695 2598 762 2663 quo
787 2583 885 2648 latius
902 2581 953 2648 fa.

31 2723 77 2771 na
92 2695 163 2791 ejus
188 2719 244 2786 ptr
263 2700 422 2768 eruditum
440 2713 592 2765 tertarum
611 2697 721 2764 orbem
740 2697 864 2780 patuit,
882 2717 950 2780 quo

33 2835 107 2889 aunt
132 2823 249 2906 plures
271 2816 313 2883 ad
335 2833 421 2898 quos
446 2831 485 2880 ex
507 2813 578 2896 ejus
600 2825 705 2877 motae
729 2811 872 2894 pervenit
894 2815 955 2880 do·

30 2939 101 3022 lor;
121 2957 159 3006 so
191 2933 293 3018 magia
319 2947 372 2999 eat
393 2943 426 2998 et
451 2923 660 2996 humanitatis
685 2941 759 3008 erqo
781 2927 902 3008 advos,
923 2945 957 2997 er

14 3055 151 3139 'pietatis
172 3069 248 3136 erga
274 3063 462 3126 mortuum,
485 3041 629 3111 absentis
649 3037 817 3122 imaginem
834 3059 959 3126 reprae-

33 3193 172 3260 scotare,
206 3173 375 3254 vitamque
399 3168 524 3250 scripto
555 3162 730 3254 mandareq
755 3174 791 3228 ut
818 3161 959 3231 babeant

34 3309 102 3359 tum
123 3287 272 3359 universi
291 3285 343 3351 vel
367 3278 566 3368 cognitionis
587 3276 881 3358 oblectamentum,
900 3279 953 3348 vel

36 3405 177 3478 desiderii
194 3401 499 3476 lenimeuntm,tum
514 3411 591 3464 vero
602 3393 747 3480 iuniores
761 3394 954 3479 exemplum,

35 3523 66 3590 in
89 3523 180 3607 quod
207 3517 369 3585 intuentes
393 3527 425 3580 ct
441 3513 620 3578 excitentur
636 3504 834 3594 adeiusdem
851 3507 958 3580 laudis

35 3639 203 3717 atudium,
226 3647 260 3700 ct
277 3629 379 3698 studii
400 3628 459 3695 iter
473 3625 644 3710 prudenter
660 3622 811 3709 dirigant.
960 3631 964 3638 ·

72 3753 238 3847 Equidem
260 3739 486 3840 cum'scmpet
512 3742 557 3808 ita
570 3739 738 3830 judicati,
760 3753 831 3816 tum
852 3761 960 3830 nuper
1064 3820 1066 3829 ,

35 3861 46 3878 ”
478 3855 541 3932 ut
568 3869 590 3948 5
912 3855 963 3929 ’no'

640 3861 643 3870 a

610 3935 617 3947 1
