2470 4724
310 263 378 362 ,aa
470 255 605 330 utra
641 253 685 327 n.
725 243 1053 330 susurrum:

305 448 412 518 'santa
433 431 499 514 erat
523 443 686 543 doctrloae
711 443 861 530 ubertas,
888 459 967 514 tauta
991 444 1159 512 interiorisct

304 566 484 650 exquisitae
514 561 647 630 scientia
675 561 818 629 Graecae
853 563 990 648 linguae,
1025 561 1101 628 duan
1123 561 1159 627 illa
1189 611 1190 620 2

308 701 382 750 cum
406 701 443 746 ex
461 693 605 746 accurata
622 669 843 760 grammaticae
860 677 985 744 rationis
1001 691 1028 742 ct
1043 676 1157 760 originum

307 795 535 880 intelligentia,
552 810 619 859 tum
639 793 829 862 &continua
843 793 1031 877 Scriptorum
1048 792 1160 870 lectione,

304 928 374 984 tum
406 930 444 978 ex
468 910 599 978 assiduo
626 909 848 993 Lexicorum,
877 909 1040 994 Hesychii,
1057 907 1160 982 liuidae,
1189 919 1190 990 l

306 1023 529 1110 Etymologi,
565 1022 740 1105 Pollucis,
779 1026 977 1108 aliorumque
1009 1023 1120 1090 omnium
1143 1029 1161 1080 et
1189 997 1190 1046 ¹

304 1141 598 1212 Grammaticorum
627 1157 659 1207 et
680 1141 929 1210 Sclroliastarum
952 1159 1029 1224 usu;
1049 1153 1077 1206 ut
1094 1141 1120 1221 in
1135 1133 1161 1200 iit

303 1258 352 1328 nil
374 1273 438 1324 tam
465 1257 608 1325 abditum
635 1272 667 1324 et
689 1244 924 1342 obliteratam,
938 1259 1045 1327 nullum
1063 1269 1110 1319 tan
1130 1267 1162 1313 re·

304 1373 472 1442 eonditum
497 1385 583 1439 esset
600 1371 797 1454 latibulum,
819 1375 911 1457 quod
932 1374 998 1460 ejus
1017 1371 1086 1437 aciem
1105 1361 1165 1428 effu

309 1507 417 1579 geret:
451 1505 538 1558 tanta
563 1504 629 1556 erat
656 1489 825 1574 indagandi
856 1490 1027 1576 sagacius,
1047 1475 1164 1572 jonato

306 1606 496 1690 subtilitas,
530 1604 710 1673 inveniendi
738 1605 888 1688 solertia3
921 1623 957 1674 ut
977 1603 1081 1690 spurios
1096 1610 1167 1677 quus·

303 1741 367 1810 que
390 1738 422 1791 et
445 1738 621 1807 corruptos
646 1724 761 1805 locos,
790 1739 863 1794 cum
889 1724 1166 1791 animadverteretur·

303 1841 452 1922 lcrrlme,
475 1854 544 1906 tum
565 1841 742 1906 emendaret
767 1838 967 1909 felicissime.
1012 1835 1112 1925 Quibus
1126 1827 1165 1890 do·

307 1960 403 2027 tibus
422 1974 459 2025 ut
476 1957 630 2038 aequabat
654 1956 815 2040 principes
841 1957 1006 2040 Criticos,
1025 1955 1056 2019 ita
1073 1947 1165 2014 eosdem

304 2077 439 2163 propria
461 2075 599 2157 quadam
623 2075 700 2142 dote
722 2074 891 2157 superabat
921 2095 978 2156 ea,
1008 2067 1073 2154 quod
1090 2057 1168 2144 ipsius

304 2190 389 2258 tatio
409 2203 439 2254 et
456 2191 560 2256 oratio
577 2186 699 2272 integra
717 2203 748 2254 et
764 2188 919 2258 immunis
938 2202 1018 2257 esset
1030 2186 1060 2251 ab
1070 2181 1110 2246 illa
1121 2187 1167 2242 oon
1189 2211 1190 2268 ,

304 2303 403 2370 modo
427 2302 664 2383 arnhemium,
694 2303 750 2368 sed
769 2303 905 2371 omuino
931 2307 1080 2371 doctomm
1098 2283 1170 2358 loni·

304 2398 405 2504 num,
427 2419 519 2503 labe,
544 2439 639 2504 quam
658 2423 870 2506 pauclssimi,
896 2437 980 2509 quos
1001 2426 1166 2506 aequatam·
1189 2399 1190 2436 ³

302 2539 351 2610 vit
362 2541 510 2626 Jupiter,
532 2538 632 2604 vitate
655 2553 818 2621 possunt,
842 2561 941 2623 quarn
965 2535 1069 2608 Graeci
1084 2535 1166 2614 cluo

303 2657 406 2736 erma,
435 2651 544 2718 Latini
571 2651 755 2734 molestum,
786 2657 904 2739 credo,
927 2667 1058 2735 uocant;
1071 2664 1125 2732 pou
1140 2639 1168 2706 sl·

306 2770 477 2858 gnificatut
510 2767 671 2850 quidquid
700 2768 797 2836 nimla
835 2785 885 2838 est
919 2773 1103 2858 quaesitum,
1123 2757 1190 2832 coel

305 2899 418 2965 ctum,
449 2881 656 2964 affectatum,
685 2882 862 2969 frigidum,
888 2903 1081 2965 tortuosum,
1099 2875 1167 2960 impl·

306 3017 438 3083 catum,
460 2999 639 3084 ingratum:
655 3021 792 3084 quorum
811 3006 842 3073 io
859 3007 998 3091 aliquam
1014 3021 1111 3092 partem
1124 2989 1168 3078 quit

236 3096 242 3106 ’
305 3133 373 3186 aon
395 3115 568 3197 aliquanao
586 3116 700 3186 metus
719 3117 891 3189 asserat
937 3118 1101 3190 naastan
1118 3107 1168 3178 aar

303 3227 378 3316 ptio
399 3227 440 3294 ab
465 3225 538 3312 ipsa
561 3244 674 3296 natura
695 3233 734 3297 ad
754 3233 944 3318 elegantiam
966 3235 1044 3304 facta
1064 3232 1167 3301 formati·
1189 3209 1190 3234 ³

308 3352 479 3424 quaerat:
514 3357 570 3424 pcr
595 3352 695 3409 totam
730 3343 868 3414 diffusus
897 3351 1023 3432 quidam
1046 3362 1073 3415 et
1091 3332 1170 3430 perspi·

304 3457 439 3524 cuitatls
453 3457 574 3524 candor
590 3472 621 3524 ct
633 3459 784 3543 antiquae
796 3466 976 3533 venustatis
991 3467 1089 3550 vigor,
1099 3455 1171 3525 Rthl·
1189 3485 1190 3510 t

305 3569 434 3638 irmioni
462 3569 583 3654 ingenii
609 3569 818 3660 felicitatem,
839 3576 1045 3661 facilitatem,
1065 3561 1190 3658 simplit'l¹

308 3697 428 3765 ratem,
449 3703 585 3768 prorsus
600 3701 631 3754 et
649 3687 801 3758 referebat
817 3709 848 3759 et
867 3697 1066 3779 exprimebat.
1189 3691 1190 3698 ’

355 3797 440 3882 Sed,
462 3813 500 3865 ut
527 3803 601 3887 quia
625 3805 756 3874 miretur
776 3822 893 3878 tantam
921 3801 1190 3902 docuinaeaopll,

740 3909 748 3926 ,
1145 3911 1190 3984 fi„
