2470 4724
190 275 326 351 vara
351 275 398 348 n.
424 273 772 354 unumunurn
884 294 964 392 tan
1008 367 1011 374 ‚

25 468 116 548 aldiis
131 469 346 553 prospiceret:
372 465 507 535 mittunt
522 463 694 548 pecuniam
713 465 834 534 viatico
849 481 881 534 er
893 487 960 554 no»,

31 583 126 668 coriis
143 585 192 650 ad·
207 582 344 650 raditum
368 580 626 670 componendis,
651 581 861 652 necessariam
884 586 953 668 pri·

29 718 100 783 nro,
124 700 239 766 deinde
263 699 467 778 uberiorem,
491 696 615 764 inducti
635 689 810 784 tssergero
830 700 870 764 ad
891 700 961 772 filii-

24 815 231 900 propositum
267 815 333 880 nisi
364 814 591 898 probandum,
630 829 736 888 tamen
770 813 949 886 ferendum.

25 929 129 1004 Filius
153 927 264 1012 pietati
296 927 520 1008 satisfactum,
551 940 584 994 et
612 947 707 996 suum
737 929 802 996 sihi
836 931 951 1014 potius

26 1060 124 1127 quam
145 1059 311 1127 parentum
324 1044 505 1130 judicium,
529 1045 564 1112 in
581 1063 614 1110 re
632 1047 689 1112 ubi
708 1047 894 1130 plusquam
913 1050 964 1136 il·¹

23 1161 48 1236 li
68 1161 141 1252 ipse
168 1161 309 1244 videret,
340 1165 547 1244 sequendum.
558 1161 770 1245 existimans,
801 1181 850 1234 res
875 1181 953 1234 suas

23 1278 307 1364 cogitationesque
325 1278 364 1348 ad
382 1275 617 1359 protectionem
638 1277 671 1344 in
687 1277 850 1346 Bataviarn
865 1297 955 1350 cont·

22 1390 330 1476 parn13inprhnis
357 1390 566 1462 confirmatus
597 1393 859 1478 prudentissimis
896 1395 952 1468 be·

25 1506 363 1592 niuolentissimisqne
392 1506 672 1582 adhortationibus
707 1507 964 1577 duumvhorunt.

24 1622 337 1710 Witt'abergensium
365 1638 396 1686 et
421 1616 576 1702 Ernesti,
607 1625 852 1706 affirmantium,
875 1644 966 1718 nttsv.

24 1756 126 1828 quarn
147 1735 256 1818 ipsius
270 1735 435 1806 doctrinas
451 1755 509 1802 sua
524 1738 661 1820 praemia
677 1738 844 1823 defutura3
860 1739 968 1838 wilh,

19 1873 64 1936 pc
88 1869 195 1934 quae,
218 1849 282 1916 nisi
309 1851 394 1934 apud
421 1850 583 1932 Batauos,
605 1869 690 1926 certe
709 1857 795 1936 apud
817 1855 954 1932 Germa·

20 1988 84 2072 nos
105 1968 134 2035 ei
150 1981 259 2051 parata
276 1986 368 2049 csse,
393 1967 448 2034 ubi
474 1987 532 2034 sua
551 1985 586 2036 se
612 1971 886 2051 commendatione
906 1975 955 2042 ef·
962 1970 966 1980 ’

20 2086 193 2164 sectatos,
213 2097 249 2148 ut
266 2082 366 2167 prima
386 2102 532 2168 quaeque
548 2086 741 2152 cathedra
714 2105 743 2152 er
761 2085 948 2164 deferretur.
936 2139 967 2164 ..

64 2198 142 2278 Hoc
160 2200 312 2283 exemplo
323 2200 479 2269 discant
466 2219 624 2287 juvenes,
648 2219 785 2286 quorum
812 2203 956 2271 rectissi

24 2313 89 2379 mis
110 2312 232 2380 studiis
259 2331 407 2398 parentes
435 2315 651 2397 obsecundare
676 2333 753 2400 ant,
775 2337 849 2390 curn
874 2338 960 2428 9⁰⁸⁸.

23 2443 123 2510 sunt,
138 2428 260 2494 nolunt
270 2431 390 2512 ‚quod
404 2427 600 2504 Ruhnkenin
616 2433 775 2518 contigit,
789 2449 865 2518 aut,
876 2415 966 2521 curn

24 2545 168 2628 uniunt,
188 2561 256 2622 non
280 2559 444 2628 possunt,
468 2548 557 2630 quod
574 2549 723 2634 pluribus
739 2551 834 2630 etiam
849 2551 960 2618 everti

24 2679 56 2742 re
71 2663 159 2728 solet
173 2661 319 2738 :discant
338 2661 435 2746 igitur
453 2683 520 2735 non
540 2665 710 2732 absterreri
725 2668 747 2744 a
763 2667 958 2752 pronosim,

23 2797 81 2844 nec
100 2759 293 2860 temporum
315 2777 533 2847 difficultatem
559 2792 617 2844 aut
634 2794 803 2862 parentum
821 2797 962 2868 errorem

25 2891 66 2972 ad
84 2891 234 2974 ignavam
247 2889 380 2974 pietatis
401 2889 588 2974 opinionem
605 2887 819 2970 interpretari:
837 2890 970 2976 erigant¹

22 3023 59 3070 se
85 3007 242 3074 adversus
267 3005 456 3088 fortunam,
486 2989 666 3087 sequautur
691 3004 843 3090 integram
867 3019 970 3080 natu-t

23 3143 96 3210 rae,
121 3127 225 3195 immo
242 3125 328 3209 Dei,
352 3143 480 3208 vocem.
524 3123 588 3202 Est
603 3122 686 3200 enirn
706 3122 856 3207 profecto
870 3123 962 3200 Deus

21 3241 57 3322 in
87 3241 191 3328 probis
216 3243 335 3330 (ro),
356 3258 441 3320 certe
469 3239 615 3314 divinum
645 3241 725 3326 quid
742 3259 761 3310 a
778 3241 848 3307 Deo
864 3238 961 3310 nobis

20 3355 190 3450 inditum,
208 3357 333 3441 virtus,
351 3358 519 3442 prudentia
539 3372 571 3432 et
591 3357 772 3438 fortitudo,
791 3373 854 3438 qua
868 3336 967 3432 snam
1089 3410 1096 3434 ,

23 3471 87 3538 sibi
107 3471 256 3562 quisque
279 3469 373 3562 fingit
399 3473 576 3571 fortunam.
621 3473 683 3545 sed
704 3491 760 3550 eos
781 3473 856 3548 dico
869 3453 974 3575 juve-4

904 3603 961 3655 nes

58 3736 80 3836 (
93 3737 166 3836 ta)
195 3741 332 3801 Veterum
357 3741 502 3815 placitum.
533 3739 676 3800 Plutarch.
705 3739 823 3828 ernest.
849 3739 966 3841 Piatrxi.

24 3857 54 3934 p.
70 3859 153 3918 999,
175 3845 214 3906 E.
233 3845 372 3907 Bibliorh.
393 3846 466 3908 Grh.
491 3845 558 3906 Vol.
573 3843 629 3928 Ιῌ.
650 3846 725 3906 Part.
737 3839 766 3904 1.
785 3859 815 3919 p.
833 3859 887 3921 ιγ,
906 3859 968 3920 seq.

510 3943 562 4012 Li
594 3962 614 4029 5
891 3986 899 3996 -
961 3938 974 3986 ¹
