2508 4712
223 308 359 381 vrrn
397 309 448 418 υ(
485 303 816 384 nuuunuuu.
923 315 994 406 σς,

56 501 144 572 vatic
162 497 314 566 tractatio
338 510 371 562 et
391 493 466 562 soni
493 494 660 577 suauitas,
682 510 780 579 atque
801 499 846 564 ita
861 481 992 589 deeras,

58 633 96 686 ut
120 613 260 696 reliquis
285 611 485 694 eloquentiae
508 610 642 677 dotibus
660 611 810 682 officeret.
854 617 991 688 Valcke-

60 733 176 808 narius
194 745 296 814 quum
313 728 410 794 semel
428 747 466 798 os
489 729 528 796 ad
542 728 712 798 dicendum
732 732 929 818 aperuisset,
944 739 993 808 nii

58 853 126 940 jam
146 849 437 932 incompositione
456 847 668 932 impolitum,
692 852 842 935 difficile,
866 869 992 924 conuo-
1049 829 1055 840 ⁸

58 985 133 1032 sum
156 965 349 1050 apparebat:
373 981 440 1030 non
459 963 539 1046 quin
552 965 699 1048 adesset,
722 969 776 1034 sed
794 971 885 1052 quod
901 947 995 1038 na'tu.

61 1083 122 1152 tali
139 1083 273 1166 quadan
299 1079 412 1164 agendi
433 1099 469 1146 ac
488 1082 724 1162 pronunciandi
746 1083 883 1150 efficacia
897 1103 996 1168 expe·

62 1203 190 1279 ditum,
212 1195 329 1277 facile,
352 1197 505 1278 planum,
528 1195 727 1262 redderetur:
745 1197 839 1262 verba
856 1198 993 1265 inusita-

61 1327 94 1382 ta
112 1325 145 1378 et
162 1311 307 1394 poitieae
334 1307 494 1376 dictiones
517 1314 580 1394 jatn
606 1309 758 1380 decebant
772 1325 816 1378 .et
835 1314 993 1383 ornabant

57 1445 189 1512 prosam
205 1425 396 1494 orationem:
441 1423 479 1496 In
510 1427 603 1491 vultu
626 1441 659 1492 et
682 1427 790 1494 oculis
811 1447 846 1494 ea
861 1443 927 1495 erat
944 1448 993 1496 se-

57 1543 179 1612 veritas
206 1561 243 1610 ac
270 1539 444 1624 sapientiae
467 1539 681 1625 significatio,
705 1559 786 1623 quae
808 1545 990 1614 audientem

61 1661 307 1746 exspectatione
329 1661 481 1746 erigeret:
513 1681 577 1728 vox
602 1661 730 1746 grauis,
761 1681 903 1746 sonora,
926 1683 991 1732 m:-

63 1783 265 1870 gnificentiae
281 1785 397 1867 plena,
420 1801 458 1848 ex
477 1781 591 1848 intiuro
610 1781 701 1862 quasi
727 1782 869 1863 pectoris
896 1781 987 1852 fonte

62 1902 229 1983 depromta
253 1900 406 1974 volvebat
425 1899 581 1972 orationis
607 1899 726 1966 flumen
749 1899 893 1966 crebrum
911 1918 989 1968 cum

61 2017 136 2088 altis
155 2017 255 2091 animi
275 2018 452 2097 sensibus,
475 2031 544 2082 tum
564 2005 791 2082 sententiatum
811 2029 843 2079 et
860 2016 991 2082 lumini.

62 2133 125 2198 bus
141 2146 172 2196 et
193 2129 421 2211 acuminibus,
447 2145 482 2196 ut
506 2147 579 2196 vere
599 2128 681 2194 illud
705 2129 848 2210 diceres,
870 2129 990 2196 Fet-uc:

60 2251 294 2334 immensusque
316 2251 388 2312 ruit
409 2225 574 2333 profundo
592 2241 759 2310 Pindarus
779 2263 835 2308 ore
863 2242 985 2332 (48):

61 2371 95 2424 et
118 2378 191 2425 curn
218 2377 275 2442 per
296 2373 395 2428 totam
415 2360 589 2426 orationem
612 2357 776 2428 audientes
794 2373 937 2424 attentos
954 2357 997 2424 et'

60 2495 98 2543 eu
124 2495 182 2543 ore
202 2476 309 2562 ipsius
334 2495 512 2560 suspensos
537 2491 681 2558 teneret,
714 2491 783 2542 tum
806 2493 863 2544 eos
890 2475 987 2558 quasi

61 2607 220 2660 corntento
244 2593 417 2660 sententiae
434 2593 572 2664 subinde
599 2593 802 2674 percellebat.
847 2589 989 2660 Memini

62 2729 110 2777 nte
125 2713 302 2796 aliquando
326 2731 398 2778 eunt
424 2688 581 2780 dicentem
603 2713 648 2774 ita
675 2711 804 2788 audire,
829 2724 890 2790 ut,
911 2725 986 2776 cum

59 2827 194 2900 auferret
228 2825 388 2893 continuo
421 2823 576 2890 orationis
606 2821 760 2902 flumine,
789 2823 829 2886 ad
855 2821 989 2901 Euripi·
1037 2815 1042 2832 '

61 2944 143 3010 deant
169 2943 271 3030 (49)
302 2942 388 3008 illam
405 2942 616 3021 sententiani,
648 2959 743 3023 quam
768 2941 903 3024 Latine,
926 2963 985 3018 nec

61 3063 223 3136 nominato
253 3079 384 3138 auctore
409 3058 664 3144 pronunciabat,
694 3059 783 3129 Deus
806 3065 986 3164 :autolio-

908 3198 988 3266 gra·

90 3363 181 3447 (48)
202 3365 305 3428 Horat.
325 3363 420 3422 earm.
439 3363 498 3432 tv,
518 3379 557 3433 n,
577 3361 604 3422 8.

94 3471 186 3552 (49)
207 3479 242 3542 1n
259 3472 436 3542 Troadibus,
456 3471 528 3541 886,
549 3472 716 3530 celebratam
734 3475 751 3530 i
767 3473 907 3546 posteris:

130 3657 224 3722 Zeia,
244 3645 303 3712 εἴτ’
320 3649 434 3725 &ulyxis
454 3646 589 3724 Φύσεως,
609 3649 672 3710 :irc
691 3650 753 3720 νοῦς
772 3651 896 3730 βροτᾶν.

131 3757 343 3834 Προσηυξίμην
358 3772 399 3820 ct·
420 3763 521 3821 πάντα
540 3763 614 3833 γὰρ,
632 3753 672 3818 δι’
687 3757 805 3835 ἀψόφου

129 3872 236 3939 luite:
250 3872 404 3942 tabellae,
422 3875 505 3938 saul
522 3868 603 3940 iluna
621 3873 663 3936 ri:
675 3867 757 3978 ‘itur'
777 3871 872 3949 ἄγεις.
