2388 4714
230 275 310 358 mlo
350 283 376 350 ,¹
415 263 674 340 PRAEFATIO
700 283 752 340 nx
775 265 999 348 sulmone

243 455 372 538 iteratio
391 454 476 524 forte
496 451 637 539 parvulis
658 453 692 520 in
714 455 827 528 librlst
849 459 883 526 in
901 459 1073 534 Plutarcho
1098 468 1161 552 qni·

244 576 314 642 dem
329 575 434 640 valere
450 587 517 638 non
533 586 660 654 potesta
683 589 769 642 certe
784 573 822 642 de
839 579 962 646 altera
953 599 1015 660 narn
1032 587 1190 658 editione

245 692 389 774 cogitare
408 690 485 756 dum
504 687 636 770 primam
655 689 758 758 adhuc
776 693 941 782 moliaris,
965 711 999 766 ct
1017 706 1190 818 canionis}

244 807 288 872 sit
311 803 484 884 ridiculae,
506 817 538 870 et
560 805 658 872 malac
682 805 768 878 fidei.

287 919 490 990 Accedebant
505 921 667 1006 graviores
692 927 835 996 mutandi
852 932 983 1002 consilii
1008 937 1160 1025 rationes,

245 1055 328 1122 quae
347 1054 396 1102 me
412 1035 452 1104 dc
465 1036 552 1102 uitae
568 1036 724 1104 humanae
739 1039 895 1112 brevitate
918 1061 950 1114 et
974 1048 1098 1121 incerta
1112 1075 1161 1140 spe
1189 1057 1190 1128 ι

242 1151 412 1220 admodum
438 1149 611 1234 efficaciter,
629 1169 817 1238 monerent,
847 1177 987 1244 eumque
1016 1163 1095 1234 mihi
1117 1173 1162 1240 ia·

241 1280 387 1334 cutercnt
404 1282 545 1347 metum,
568 1284 634 1354 nc,
653 1267 728 1334 dum
748 1288 835 1352 opus
853 1273 954 1341 simul
981 1293 1084 1348 totum
1112 1302 1163 1350 ur·
1189 1319 1190 1363 ι

243 1403 367 1472 genem,
389 1385 433 1450 ita
457 1401 507 1448 me
532 1401 620 1450 mors
635 1401 829 1471 occuparet,
853 1405 888 1456 ut
907 1394 996 1460 nulla
1008 1413 1082 1479 pars
1104 1403 1164 1466 ab·

242 1504 371 1584 soluta,
394 1483 509 1570 omnea'
532 1499 661 1568 affectae
683 1517 714 1568 et
738 1502 905 1572 inchoatae
930 1524 1053 1594 essem,
1076 1533 1158 1596 quas
1189 1591 1190 1598 χ

239 1643 334 1693 nemo
358 1625 398 1694 ad
424 1619 602 1708 probabilis
625 1622 777 1691 editionis
806 1627 936 1694 modum
957 1631 1109 1716 colligere
1131 1650 1161 1704 ct
1188 1677 1190 1717 ι

239 1755 434 1823 componere
447 1752 572 1821 posset.
603 1735 712 1825 Quare
727 1757 813 1822 opus
831 1739 1012 1822 hocmeum
1028 1745 1063 1814 in
1080 1749 1160 1818 duas
1189 1789 1190 1828 ι

240 1853 392 1923 distribui
418 1869 524 1938 partes
552 1853 701 1936 deinceps
727 1853 960 1929 absolvendast
989 1863 1095 1945 prima
1116 1881 1160 1934 est
1187 1927 1190 1950 ,,

238 1989 274 2038 ea
298 1988 379 2052 quae
402 1967 698 2052 nunciamtradita
723 1981 993 2041 nannonrrs
1027 1995 1158 2048 nano·

236 2104 474 2158 culturas
503 2101 802 2166 oxonrrnsrs,
832 2083 922 2156 Viris
946 2090 1156 2178 illustribus,

233 2201 389 2272 Marulla
407 2199 530 2272 Graece
544 2215 574 2266 et
590 2199 729 2284 Latine,
753 2205 935 2288 emendata,
958 2209 1064 2301 addita
1092 2214 1157 2280 bre·

232 2319 266 2386 ui
285 2316 552 2384 Emendationum
570 2316 756 2400 notatione,
774 2317 920 2404 quinque
932 2321 1157 2396 voluminibus

230 2439 485 2520 complectetur3
509 2437 628 2518 alters,
651 2437 954 2509 Animadversiones
979 2445 1019 2511 ad
1048 2463 1153 2517 terum
1189 2469 1190 2500 ι

236 2555 473 2634 verborumque
496 2549 788 2636 interpretationem
806 2570 1028 2642 comparatas,
1050 2579 1084 2628 et
1104 2563 1157 2632 In·

181 2719 186 2728 ·
230 2672 344 2751 dices,
366 2668 575 2753 paucioribus
592 2683 676 2736 certe
697 2671 939 2754 voluminibus,
960 2677 1155 2746 continebit.

230 2793 342 2878 Hujus
366 2787 526 2856 materiam
553 2788 675 2856 dudum
703 2805 886 2876 congestam
913 2789 942 2858 sl
967 2790 1072 2864 fatum
1099 2812 1157 2864 tut
1189 2851 1190 2876 2

229 2907 330 2991 digeri
353 2925 371 2970 ι
399 2920 469 2983 nne,
493 2915 547 2967 aut
573 2901 613 2968 ab
634 2900 700 2970 alio
723 2922 887 2987 quoquam
906 2906 940 2974 in
956 2906 1058 2976 lucem
1076 2931 1157 2994 pro·
1189 2967 1190 3010 ι

227 3019 323 3102 ferti,
356 3037 422 3086 non
453 3018 558 3098 sinat3
581 3037 666 3102 opus
695 3037 799 3088 tamen
827 3023 959 3092 meliore
982 3025 1035 3094 sui
1058 3043 1154 3111 parta
1189 3039 1190 3096 ι

185 3224 190 3232 ¹
227 3141 353 3206 salvum
374 3147 442 3217 est,
466 3135 500 3204 id
518 3149 567 3204 est
584 3154 620 3204 ea
639 3155 720 3220 quae
736 3137 776 3206 ad
792 3139 899 3224 ipsius
914 3142 1069 3214 Auctoris
1085 3163 1155 3220 ma·

226 3271 304 3322 nunt
320 3268 351 3321 et
366 3254 557 3338 scripturam
575 3254 746 3322 sanandam
762 3272 795 3324 et
821 3261 1082 3331 constituendam
1104 3285 1155 3336 rc·

227 3367 352 3449 fertur,
374 3367 408 3438 in
437 3387 501 3452 qua
523 3370 691 3453 proprium
716 3389 754 3440 ac
779 3377 988 3460 praecipuum
1014 3381 1157 3452 editoris

228 3485 366 3553 odicium
390 3499 557 3565 versatur,
580 3501 662 3567 quae
675 3485 728 3554 uel
743 3487 815 3572 ipsa
834 3507 893 3574 per
907 3509 944 3561 ae
958 3495 1030 3560 sola
1042 3494 1157 3580 lusus

226 3603 330 3670 instar
352 3599 519 3672 Editioois
542 3616 720 3678 censeatur.
764 3602 840 3691 Qua
865 3605 898 3674 in
922 3624 976 3689 rc,
997 3621 1035 3675 ut
1051 3627 1154 3694 parca

225 3715 351 3804 magnis
385 3717 571 3801 conferam,
598 3719 670 3786 cavi
708 3737 748 3787 ne
778 3722 860 3788 idem
887 3721 1154 3812 committerem,

222 3835 311 3922 quod
345 3833 381 3902 in
412 3832 550 3918 Polybio
579 3835 781 3920 commisisse
804 3839 951 3916 dolemus
983 3856 1158 3916 οιιιιι.

1076 3979 1147 4030 ao·
