2508 4712
195 295 419 380 terrun.
460 239 796 380 turtureum.
891 304 961 386 aa,
1016 243 1018 250 ’

49 483 185 554 nnlnlrm
201 501 280 568 ,arga
295 499 409 580 amnes
421 481 501 550 alias
516 483 708 568 disciplinas
725 483 832 554 studia
844 483 956 558 abant·

48 600 155 682 lebat,
185 612 219 666 et
242 596 422 664 Literarum
449 598 602 681 scholas,
631 614 670 674 ut
689 599 733 666 ita
752 599 878 682 dicam,
906 602 957 668 vi·

43 718 188 817 duabat.⁸
222 711 410 782 Ruhnkenil
443 727 586 798 tempora
614 716 722 785 minus
751 715 871 784 Literis
897 716 958 782 ini·

44 821 142 916 quam'
154 829 335 898 habuerunt
349 827 604 914 Philosophiam.
648 831 732 900 Nam
753 835 794 902 ad
809 832 959 900 insanum

41 947 113 1031 ejus
128 961 266 1012 amorem
281 941 500 1010 deferbuerunt
513 941 704 1011 Batavorum
720 943 866 1030 ingenia,
889 961 961 1010 om·

40 1079 114 1130 nem
131 1061 229 1128 istum
252 1056 394 1125 furorem
418 1058 451 1126 ln
470 1059 524 1126 illa
540 1058 726 1128 Cartesiana
743 1059 825 1126 febri
840 1056 961 1134 effude-

39 1197 135 1262 rant,
161 1181 281 1266 etjam
307 1193 392 1245 terta
419 1179 552 1260 quadam
580 1179 696 1266 judicii
719 1179 857 1246 sanitate
878 1194 959 1244 con·
1066 1188 1069 1194 ’
1112 1163 1117 1176 ’

37 1299 196 1369 stiterunt.
240 1275 473 1362 Successerunt
499 1293 650 1380 deinceps
671 1293 751 1360 aliae
774 1295 957 1364 rationeset

39 1415 133 1500 qnasi
145 1425 271 1494 sectae,
294 1409 527 1490 Ncwtoniana,
543 1405 730 1490 Lathinat,
748 1403 960 1490 Clrrcltiana,
1048 1491 1054 1510 ι

37 1528 265 1608 Leinnitiana,
279 1523 458 1592 Wolfiana:
474 1539 528 1608 et,
546 1537 583 1590 ut
598 1520 658 1605 lit,
672 1521 849 1616 nouissima
863 1538 960 1604 quae·

38 1665 107 1732 que
128 1645 197 1712 sola
211 1661 304 1724 vera,
318 1656 348 1709 et
360 1659 417 1725 per
429 1657 556 1738 omnem
571 1641 791 1724 posteritatem
813 1640 960 1708 domina·
1002 1683 1007 1691 -

38 1781 135 1844 usta,
145 1759 328 1828 uidebatur:
339 1773 525 1828 nostrorum
536 1757 702 1826 hominum
719 1740 790 1843 erga
798 1757 868 1826 illas
877 1757 960 1838 lenia

39 1882 196 1960 fuerunt,
217 1893 275 1944 aec
297 1893 371 1941 curn
388 1871 567 1940 Literarum
585 1886 750 1970 contemtu
766 1870 961 1956 conjuncta,
1083 1865 1088 1874 “

35 1993 162 2064 studia.
207 1995 252 2059 Αι
266 1993 353 2074 apud
365 1987 544 2060 Germanos
560 1989 787 2074 immoderatus
804 1989 963 2058 Wolliani

36 2107 265 2187 studillervor
278 2105 537 2191 Literas,veluti
550 2109 747 2190 tempestatis
763 2107 962 2194 calamitate,
1016 2186 1021 2197 ,

33 2227 160 2298 afflixit.
169 2226 313 2292 Fuerunt
324 2236 428 2290 tamen
441 2224 497 2308 qui
511 2242 562 2292 eas
576 2240 722 2294 ornarent
734 2245 770 2292 ac
781 2240 960 2310 tuerentur,

32 2344 72 2412 in
99 2338 214 2425 primis
230 2337 397 2407 Gesnerns
418 2355 449 2406 et
473 2337 651 2407 Ernestnst
676 2339 727 2406 hic
745 2359 849 2425 acer„
866 2357 962 2424 saepe

32 2458 119 2526 adeo
136 2454 241 2522 acrior
254 2471 351 2538 quam
368 2454 492 2538 verior,
516 2454 696 2522 Wolfianae
710 2455 843 2526 rationis
860 2477 965 2543 repre·
1030 2498 1039 2518 .

33 2575 173 2642 hennon.
217 2569 405 2638 Novissima
420 2569 438 2637 l
455 2585 558 2638 vetere
574 2568 834 2658 Regiomontano
845 2569 982 2640 kann-⁸

32 2691 128 2764 kcnii
153 2688 381 2772 condiscipulo
407 2689 535 2770 prodita
556 2689 639 2759 ratio
655 2688 742 2772 apud
756 2707 818 2756 nos
833 2689 964 2774 quidem

28 2804 320 2880 Litteris-nondum
335 2801 470 2884 obluit.
485 2821 568 2885 nec,
585 2816 623 2868 ut
637 2817 822 2884 speramus,
844 2802 965 2872 oberitt

31 2925 64 2992 si
84 2921 215 3006 quidem
224 2917 347 3002 priores
358 2917 429 2984 illae
444 2917 560 3002 partim
576 2917 780 2984 maximarum
796 2913 964 2990 scientiam

28 3056 145 3108 terunt
159 3034 405 3120 profiterentur,
422 3034 536 3116 partlm
551 3033 726 3103 disserendi
736 3033 842 3117 splnls
854 3051 885 3102 et
895 3053 966 3104 ver·

32 3151 312 3232 borumnovitate
329 3149 435 3218 minus
452 3149 649 3222 obstructam
675 3151 826 3221 haberent
849 3157 963 3240 cogni·

32 3272 185 3350 tionem,
200 3267 315 3351 partim
331 3266 521 3353 interpretes
534 3269 815 3353 nanciscerentur,
838 3275 895 3356 qui
910 3291 965 3342 eas

31 3387 79 3454 ad
104 3401 308 3453 communem
332 3400 461 3470 captum
494 3386 801 3476 intelligentiamque
827 3393 969 3478 explica·

32 3515 134 3570 rents
150 3517 232 3584 quae
246 3518 277 3568 et
293 3520 389 3570 secus
408 3520 484 3574 sunt
502 3504 535 3573 in
555 3507 613 3576 hac
629 3509 809 3578 novissima
825 3512 969 3598 ratione,

31 3633 69 3684 et
82 3617 271 3700 ¹plurimum
291 3619 395 3687 valent
411 3619 449 3688 ad
465 3621 565 3689 studii
580 3639 654 3689 cum
672 3621 882 3708 frequentiam
898 3640 969 3699 tum

31 3728 301 3800 diuturnitatem.
394 3789 400 3804 .

81 3841 285 3920 Ruhnktnio
316 3867 426 3924 recena
451 3851 486 3924 ia
510 3851 791 3940 Lugdunnbatava
821 3864 971 3942 cathedra

527 3967 584 4039 ur
915 3991 979 4062 pn·
