2508 4712
214 343 348 424 vcra
375 347 433 424 ·o.
471 347 814 428 amanteum.
911 357 986 454 so

51 537 136 618 sict,
159 534 341 610 Historiam
363 555 426 606 nos
448 537 563 606 docem
580 539 658 609 alias
677 537 841 608 doctrinas
864 548 982 622 rsctlm

51 653 252 734 faciliusque
265 649 447 735 perciperes
465 668 534 722 tum
553 673 713 724 ueroeam
732 655 909 738 plurimum
926 681 982 732 va·

51 771 120 836 lere
138 765 294 848 exemplis
317 768 357 832 ad
378 767 472 832 uitam
498 769 664 852 regendam
686 784 719 836 et
737 787 802 837 rem
820 773 986 855 publicam

49 881 369 958 administrandam?
409 881 448 958 P,
467 881 545 950 Non
572 883 732 960 narravitt
756 887 813 952 sed
837 887 899 956 tibi
919 909 988 962 cru·

51 1001 102 1066 do
128 997 173 1066 ita
197 1015 285 1080 usse,
308 1015 379 1064 nam
406 997 616 1080 probabiliter
638 1001 716 1067 mihi
732 1003 837 1072 dicere
853 1007 985 1090 videris.
1060 1033 1064 1040 ·

54 1113 106 1182 R.
128 1113 218 1200 Ergo
240 1131 341 1196 porro
357 1115 534 1194 respondet
557 1111 589 1178 id
607 1115 702 1200 cujus
717 1119 837 1186 auxilio
859 1121 986 1206 aliquid

51 1228 213 1298 efficimus
237 1239 269 1294 et
294 1225 424 1294 facilius
447 1228 675 1311 assequimur,
697 1249 805 1302 nonne
824 1247 874 1302 est
891 1236 987 1318 quasi

52 1340 336 1414 instrumentum?
352 1342 391 1414 P.
410 1341 472 1408 Est
489 1361 576 1418 sane,
595 1342 639 1412 R.
659 1344 762 1429 Igitur
777 1347 923 1416 Historia
939 1363 992 1420 est

55 1457 154 1541 quasi
182 1457 434 1526 instrumentum
457 1475 563 1523 earum
592 1459 771 1526 utilitatum
789 1479 993 1546 consequen·

55 1574 195 1654 darum,
213 1572 254 1638 de
271 1571 393 1656 quibus
409 1573 506 1640 modo
526 1573 680 1643 diximus.
714 1574 751 1644 P.
770 1573 824 1642 ¹ltu
839 1593 989 1658 prorsus.
1083 1547 1089 1566 ,

58 1688 182 1758 R.lam
192 1685 245 1754 dic
255 1686 334 1753 milri
345 1708 355 1760 a
365 1688 488 1754 nummi
504 1701 624 1756 suntne
639 1691 888 1760 instrumentum
907 1691 992 1766 vitiu

58 1799 225 1886 agendaei
255 1801 289 1870 Ρ.
299 1800 350 1868 Et·
363 1818 513 1885 magnum
535 1803 675 1884 quidem.
695 1804 738 1874 R.
750 1806 785 1874 si
805 1805 879 1888 quis
895 1807 994 1890 igitur
1045 1787 1048 1796 ’

61 1934 219 1992 nummos
235 1915 280 1982 ita
296 1931 467 2012 congerat,
491 1919 611 1998 nullam
631 1933 668 1988 ut
685 1919 838 2000 rationum
858 1919 993 2006 habeat,
1126 1965 1132 1986 .

57 2047 174 2106 utrum
201 2032 267 2098 sint
291 2031 387 2114 probi
413 2049 454 2099 an
483 2030 674 2114 adulterini,
697 2032 809 2118 ltaque
834 2035 992 2117 deceptus

56 2145 206 2230 accipiat
221 2147 346 2212 multos
366 2145 594 2230 adulterinos,
607 2149 687 2228 quid
705 2150 782 2234 huic
801 2165 991 2218 eventurum

58 2261 190 2348 putas?
213 2278 321 2330 noune
338 2278 489 2346 magnum
516 2261 692 2348 damnum,
713 2277 753 2330 ut
771 2264 914 2347 quinon
938 2265 994 2330 ha·

57 2381 138 2449 beat
163 2374 285 2456 quibus
311 2387 443 2457 utatur,
478 2395 575 2458 quarm
601 2391 728 2462 tempus
757 2393 789 2444 et
815 2381 992 2448 necessitas

60 2491 268 2563 emendarum
288 2505 393 2566 rerum
412 2489 585 2558 inciderit?
628 2493 664 2560 P.
686 2494 747 2560 Est
765 2491 935 2576 profecto,
956 2508 995 2562 ut

60 2607 163 2684 dicis.
204 2602 250 2679 R,
276 2601 358 2692 Vide
381 2622 502 2686 porros
536 2606 752 2692 navigationis
781 2609 997 2678 instrumenta

60 2739 176 2792 nonne
191 2732 269 2786 sunt
281 2718 496 2802 gubernator,
506 2735 643 2799 nautae,
659 2720 753 2786 navis
774 2721 908 2804 ejusque
924 2741 997 2804 ptr·

62 2853 141 2918 tes,
171 2833 301 2914 carina,
333 2831 495 2914 tabulata,
528 2832 809 2916 gubernaculum,
833 2835 996 2918 anchora,

63 2953 162 3031 vela,
179 2949 306 3028 malus,
330 2945 500 3026 rudentes,
525 2945 629 3014 aliae?
651 2947 751 3032 igitur
765 2963 922 3014 mercator
941 2961 999 3020 aut

63 3065 263 3144 nauclerus,
284 3073 453 3144 antequam
471 3079 506 3128 se
527 3060 603 3128 mari
619 3075 651 3126 ct
673 3061 777 3126 ventis
794 3063 997 3147 committit,

67 3181 150 3248 haec
174 3177 237 3244 sibi
262 3175 440 3260 prospicit,
463 3193 495 3243 et
516 3189 605 3259 parat
624 3175 860 3246 instrumenta:
883 3197 942 3246 nec
963 3195 1000 3250 ca

68 3312 189 3371 temere
214 3308 247 3358 et
269 3289 503 3360 inconsiderate
530 3291 571 3358 ab
595 3291 667 3360 aliis
693 3293 835 3378 accipit,
865 3295 922 3360 sed
946 3294 1000 3367 in·

68 3408 172 3493 spicit
195 3423 227 3474 ct
253 3407 377 3494 judicat
398 3407 529 3478 firmane
547 3423 579 3476 et
597 3407 698 3490 proba
723 3409 791 3484 sint
817 3408 858 3476 ad
877 3427 997 3506 usuma

69 3545 114 3598 ne
143 3524 229 3592 forte
262 3522 470 3609 negligentiae
497 3542 618 3606 poenas
646 3523 715 3592 luat
743 3521 912 3610 naufragio
943 3537 1001 3599 aut

71 3651 191 3708 morte.
228 3635 264 3703 P.
284 3635 459 3704 Verissime
476 3636 535 3720 ais,
576 3636 620 3704 R.
642 3637 795 3706 Diximus
810 3655 887 3706 vero
904 3640 999 3714 etiam

71 3753 251 3826 Historiam
269 3771 338 3818 esse
352 3750 594 3820 fundamentum
615 3752 853 3822 doctrinarum:
874 3753 941 3842 jam
960 3750 1002 3824 ud

71 3865 214 3948 aedificii
238 3869 361 3946 laudem
382 3865 536 3944 reiertene
550 3882 647 3962 putas
666 3883 774 3938 utrum
795 3866 1004 3942 fundamenta

947 3993 1004 4053 βο·
