2348 4716
91 337 319 416 nstonrnn
341 337 404 408 no
427 331 561 409 stnn.
584 310 784 414 vntrttr.⁴
821 363 885 435 ις,

30 527 263 609 ostentandis,
285 527 350 593 elia
369 517 545 594 Sesostriss
566 527 733 612 prudentia
755 531 878 600 estalia

30 647 131 727 iestis,
147 645 202 712 alia
219 643 355 711 Ulissis
367 637 558 708 :'fortitudo
574 643 636 709 alia
655 657 705 710 est
723 641 884 730 Achillis,

32 763 170 850 iististlia:
197 760 327 845 patriae
351 755 440 824 arnor
471 757 553 823 alius
580 758 614 823 in
640 755 886 845 Themistocle,

35 879 219 951 trentesiste.
239 875 320 944 Nec
337 875 436 960 hujus
455 872 618 940 varietatis
633 873 722 960 justa
738 873 886 958 cognitio

41 997 207 1062 tinstitutiti
230 1007 348 1079 potest
371 1010 466 1076 quarn
485 1009 524 1057 ex
545 990 628 1058 vitae
651 989 886 1072 actionumque

45 1115 156 1196 ostio,
174 1113 209 1180 id
228 1116 310 1192 est,
332 1110 371 1175 ab
395 1105 602 1192 Experienst
623 1120 654 1172 et
676 1103 836 1172 Historii.

68 1231 127 1314 int,
154 1233 181 1299 si
208 1252 246 1299 se
276 1231 389 1314 ipsum
416 1243 613 1311 cognoscere
631 1243 779 1310 magnum
805 1221 886 1306 quid

46 1365 180 1432 trepens
201 1347 384 1426 divinum,
407 1360 443 1410 ut
467 1340 539 1428 jure
556 1341 621 1409 hoc
645 1353 886 1424 pracceptuma

43 1462 131 1532 iesous
151 1464 302 1551 Apollini
329 1461 490 1545 Delphico
519 1459 679 1525 tributum
707 1456 768 1539 sit3
792 1456 889 1523 dubi·

38 1577 182 1659 es'ptoiecto
206 1599 277 1649 non
306 1592 442 1664 potest,
474 1574 555 1658 quin
582 1569 747 1640 Historiae
772 1586 886 1653 magne

37 1709 56 1752 tt
73 1712 134 1773 pene
158 1695 262 1762 divina
304 1692 348 1758 sit
382 1689 591 1776 praestantia.
641 1687 705 1757 Est
736 1686 821 1750 enirn
853 1702 890 1752 et

38 1809 215 1876 nonnostne
230 1825 377 1888 natura,
400 1818 438 1872 ut
459 1821 493 1870 se
512 1802 583 1886 ipse
598 1801 740 1883 quisque
759 1799 803 1864 ita
819 1815 887 1895 ιιιι·Ι
993 1867 998 1872 ,

38 1921 82 1987 a‘ot
93 1947 252 2012 cognoscere
272 1926 401 2005 discat,
427 1921 457 1990 si
482 1919 620 1986 maxime
641 1918 722 1985 alios
741 1915 892 1983 observet

37 2035 137 2123 honines,
159 2043 194 2109 ab
221 2043 337 2124 iisque
361 2039 401 2104 ad
427 2055 463 2102 se
487 2033 661 2117 respiciat,
692 2047 791 2112 seque
814 2007 893 2096 cum'

37 2146 62 2210 iis
76 2168 194 2234 cooperer.
240 2153 310 2222 Sed
338 2167 438 2235 quum
463 2165 514 2214 res
536 2165 603 2213 non
622 2145 723 2216 modo'
741 2161 888 2228 praesens

39 2279 82 2346 tes,
95 2273 127 2336 ted
140 2275 281 2342 absentes
302 2288 434 2356 quoque
451 2263 607 2352 cognosci
626 2263 781 2345 debeant,
804 2245 892 2328 sint·¹

37 2397 73 2457 iit
86 2383 193 2455 absentes
214 2389 270 2454 vel
291 2400 433 2468 tempore
451 2381 502 2454 vel
525 2379 622 2459 loc03
647 2375 705 2444 hee
722 2385 777 2460 per
798 2395 888 2458 pete-

40 2497 177 2584 potone,
197 2507 273 2570 iilac
295 2520 352 2584 per
371 2495 534 2565 Historias
551 2505 806 2578 cognoscuntur.
829 2490 889 2557 Pe·

42 2611 189 2692 nimione
217 2620 330 2684 locum
357 2605 507 2698 supplete
530 2623 639 2694 potest
661 2607 798 2692 diligens
821 2620 893 2671 stu«

42 2723 88 2790 cion
103 2729 325 2818 Geogtaphiae‚
350 2749 431 2814 quae
451 2729 522 2812 ipsa
537 2721 701 2792 Historiae
724 2718 798 2806 pars
821 2735 868 2786 est
878 2709 897 2788 ι’
958 2807 962 2817 1

42 2837 144 2928 iinon,
162 2852 185 2915 si
200 2864 319 2929 vacet,
341 2847 404 2918 alio
428 2843 540 2910 studio
567 2835 712 2922 suppleri
741 2853 808 2901 non
832 2853 895 2916 po·
977 2863 983 2874 1-

44 2965 85 3021 tor.
113 2959 218 3031 Videris
241 2983 320 3048 ergo
337 2963 406 3049 ejus
426 2958 659 3026 necessitatem.
704 2949 822 3032 Neque
839 2965 895 3012 ve·

45 3071 117 3140 tthot
133 3081 167 3146 ita
186 3083 279 3162 dico,
301 3099 337 3150 ac
361 3079 389 3146 si
411 3077 552 3159 quisque
574 3072 620 3142 ita
638 3047 751 3134 melior
770 3061 897 3145 sapien-

47 3175 120 3264 tiron
134 3193 189 3275 sit,
210 3211 246 3260 ut
262 3195 357 3280 plura
381 3187 620 3257 Historicorum
642 3182 765 3262 scripta
781 3188 896 3259 pervo-

51 3290 145 3374 lonteit.
180 3309 291 3392 Neque
312 3308 394 3386 enim
414 3300 630 3390 peregrinator
647 3298 691 3364 itt
708 3293 821 3363 melior
844 3313 894 3364 sa-

51 3403 178 3502 sinisque
198 3427 326 3492 domurn
358 3425 462 3504 redit,
494 3439 531 3486 ut
557 3413 713 3501 plurimas
747 3405 893 3494 regiones

51 3537 176 3610 Pifliflitr
207 3542 513 3619 scansionum,
548 3533 629 3617 qui,
663 3545 700 3596 ut
730 3521 894 3594 Homeros

51 3633 80 3701 ⁸5¹
97 3645 231 3740 ddisse,
253 3677 318 3725 non
339 3659 435 3725 modo
460 3655 580 3721 multas
597 3647 694 3718 urbes
711 3641 813 3723 vidit,
836 3637 894 3704 sed

51 3757 163 3838 ntitotun
181 3776 343 3844 hominum
365 3748 492 3862 ingenia
519 3767 694 3855 perspexit.
739 3761 824 3831 Sunt
837 3757 897 3842 qui

30 3989 31 4008 Ν
53 3885 117 3956 otoo
128 3899 270 3984 peregrim
289 3897 438 3981 iaudent,
463 3893 564 3978 patris
580 3905 613 3962 et
629 3885 804 3962 domestica
819 3893 900 3945 con·

436 4009 515 4102 Ν4
822 4004 902 4067 tetes
