2572 4710
295 295 473 370 tureos.
496 295 604 368 eutr
622 297 888 376 umecta·
974 329 1041 400 ιο,

84 499 195 570 quarn
223 500 326 567 posse
363 485 558 553 crederetur.
606 483 682 556 Hoc
716 488 838 560 lumine
860 491 1032 582 homines,

81 618 261 686 tamquam
276 619 318 668 ex
338 619 458 680 somno
481 601 631 686 excitati,
655 604 927 693 circumspicere,
950 613 1032 696 quid

79 735 119 790 et
137 719 201 786 ubi
217 731 328 786 essent
343 735 562 804 cognoscere,
584 739 643 802 ac,
665 723 770 790 veluti
789 739 846 792 eos
863 724 953 810 longi
974 746 1031 800 so-

81 835 186 922 poris
202 833 395 920 poeniteret,
422 836 577 902 omnibus
594 836 720 905 viribus
741 837 846 920 eniti,
870 852 907 906 ut
928 857 1031 923 quan·

81 967 160 1018 tum
187 949 299 1034 priora
331 951 440 1018 secula
472 950 670 1034 ignorantiae
704 952 846 1022 tenebris
880 955 1030 1024 inmersa

80 1065 293 1154 jacuissent,
310 1079 435 1132 tantum
453 1065 518 1149 ipsi
534 1067 575 1134 ad
591 1067 791 1150 cognitionis
807 1070 911 1137 iucem
929 1089 1031 1138 emcr-

85 1199 218 1272 gerent.
263 1180 350 1248 Tum
369 1201 446 1251 uero
465 1196 578 1253 contra
597 1183 750 1266 antiquae
765 1185 953 1254 Pontificius
968 1208 1026 1256 su-

86 1296 302 1386 perstitionis
331 1297 558 1382 tyrannidem,
590 1315 673 1380 quae
698 1296 866 1366 hominum
897 1301 1028 1386 ingenia

85 1412 284 1482 foedissima
305 1412 463 1480 servitute
486 1413 666 1482 constricta
682 1414 829 1494 tenebat,
850 1433 1028 1500 eorumque

86 1531 221 1598 mimos
243 1530 346 1594 veluti
364 1545 505 1611 superne
521 1547 539 1594 e
558 1527 642 1595 coeli
659 1527 847 1612 regionibus
864 1529 931 1596 dira
951 1529 1026 1596 hor·

86 1644 256 1725 rendaque
282 1639 367 1710 facie
381 1642 539 1710 terrebatc
563 1635 677 1710 contra
697 1643 779 1710 hauc
795 1642 896 1727 igitur
906 1647 1028 1714 oculus

85 1759 261 1841 attollere,
283 1763 354 1847 ejus
381 1758 531 1828 fulminis
559 1779 723 1828 murmura
746 1763 869 1846 ridere,
898 1763 1028 1856 fabula.

89 1891 237 1955 rumque
255 1873 471 1960 nugacitatem
490 1875 661 1958 explodere
678 1878 751 1944 auri
770 1893 864 1947 sunt.
912 1884 1026 1963 ltaque

88 1991 296 2060 Scholastica
311 1991 495 2072 barbaries,
519 2009 584 2074 qua
612 1993 717 2064 veluti
741 1992 943 2061 munimento
962 1994 1025 2062 ista
1113 2037 1115 2042 .

88 2109 284 2193 superstitio
300 2121 391 2192 septa
409 2124 497 2190 erat,
520 2109 630 2176 eodem
649 2127 728 2176 casu
745 2107 932 2178 tremefacta
944 2130 1025 2178 con·

86 2241 251 2306 tuamque
272 2237 340 2291 est.
384 2223 468 2290 Nam
490 2224 711 2307 scholastici,
732 2227 791 2310 qui
804 2227 868 2312 jam
885 2223 950 2292 sibi
966 2245 1025 2292 so·

86 2340 130 2406 lis
148 2337 382 2424 Philosophiae
399 2337 598 2406 uindicarant
614 2358 751 2422 nomen,
764 2321 862 2423 idque
876 2337 1024 2406 somnio.

87 2475 159 2524 rum
178 2457 336 2526 inanitate
354 2471 387 2522 et
405 2455 576 2523 verborum
606 2457 758 2524 sordibus
779 2452 897 2522 infame
914 2455 1022 2524 reddi·

88 2575 223 2654 derant,
245 2572 362 2658 dejecti
388 2573 513 2638 taudem
546 2570 685 2640 suntab
713 2571 929 2654 iniustissima
945 2591 1024 2654 pos·

87 2691 258 2772 sessione,
287 2704 318 2755 ct
345 2685 467 2756 factum
494 2704 565 2769 est,
600 2702 637 2754 ut
671 2686 885 2772 Philosophia
923 2705 1022 2754 suum

88 2825 210 2876 nomen
233 2805 412 2889 reciperet,
435 2823 541 2886 neque
566 2805 707 2888 amplius
724 2802 911 2888 disputandi
931 2801 1024 2870 falla·

88 2921 235 2999 ciarum,
250 2919 309 2986 aed
323 2917 404 2983 bene
415 2917 580 3002 cogitandi
597 2939 634 2984 ac
648 2919 780 2986 vivendi
798 2917 951 3002 magistra
967 2919 1024 2985 ha.

88 3035 230 3104 beretur.
282 3033 328 3100 Et
358 3032 398 3098 ab
428 3051 468 3100 eo
501 3032 575 3101 inde
606 3046 752 3118 tempore
776 3033 838 3102 hoc
863 3043 1020 3106 constane

88 3149 336 3233 certissimaque
356 3149 547 3232 experientia
572 3149 823 3232 comprobavit,
853 3147 1019 3230 pn'mum,

89 3286 159 3350 quo
184 3267 318 3351 quaevis
344 3283 423 3351 gens
451 3265 529 3349 plus
555 3264 671 3333 tribuit
694 3263 812 3331 studiis
840 3259 1025 3327 humanita-

86 3379 157 3462 tis,
186 3398 226 3448 eo
251 3379 354 3476 magis
379 3380 413 3446 in
437 3399 473 3447 ea
490 3397 582 3447 verae
608 3378 841 3462 Philosophiae
867 3376 1020 3446 floruisse

86 3497 262 3568 radonem:
282 3498 398 3566 deinde
420 3515 532 3564 omnes
553 3515 610 3564 eos
631 3496 742 3579 viros,
764 3495 822 3576 qui
841 3494 881 3561 ad
902 3509 1023 3578 tugen·

86 3611 165 3680 dam
183 3614 475 3694 emundandamque
492 3611 735 3696 Philosophiam
756 3610 881 3694 aliquid
904 3627 1024 3694 operae

81 3729 299 3815 adtulerunt,
331 3743 366 3800 et
392 3749 477 3814 quos
507 3719 695 3798 Eclec‘ticos
722 3747 902 3814 vocamus,
932 3727 1024 3811 quod

579 3844 613 3912 G
635 3863 656 3928 4
950 3843 1026 3910 nul·
