2388 4714
142 305 400 389 mulnheim
419 307 690 391 monaulum..
707 315 785 390 Vola
798 321 826 390 l.
881 319 950 405 285

43 509 157 574 tliorun
182 502 255 569 usui
278 515 318 568 ut
343 499 651 584 accommodentur,
673 501 723 570 nil
738 503 803 572 nisi
821 507 945 594 aliquid

42 622 147 690 iotmac
165 619 356 686 desiderant·

73 735 230 800 Hactenus
246 732 298 816 ,de
322 729 602 820 Interpromium
625 731 771 804 dictumt
803 753 888 804 nunc
906 739 948 806 de

42 851 256 918 immitam
274 848 456 916 dicendum.
508 846 619 935 Hujus
636 849 757 934 duplex
775 866 827 918 cst
847 851 947 936 fons,

42 965 150 1032 alteria
163 963 357 1032 auctoritate
384 977 416 1030 et
439 963 600 1044 scriptura
628 980 698 1032 tete
716 985 770 1034 uns
795 969 950 1038 codicum

44 1085 170 1170 positus,
192 1083 273 1148 alter
292 1079 327 1146 iu
342 1061 542 1164 conjecturae
557 1081 705 1164 probabil
721 1098 795 1152 tates

81 1200 115 1267 lit
129 1199 232 1283 primo
256 1195 412 1278 quidem,
443 1209 480 1262 ut
503 1194 564 1276 lit,
585 1197 624 1262 ad
648 1197 866 1282 conjecturam
897 1221 950 1274 ms

49 1315 157 1393 dnm,
187 1325 221 1376 at
247 1323 360 1392 postea
386 1325 512 1392 semper
535 1327 601 1375 eam
626 1328 832 1384 consectatus
859 1336 947 1388 sum.

46 1431 105 1500 lint
128 1428 214 1496 enim
239 1423 332 1492 ferax
354 1423 584 1494 emendationis
612 1441 719 1510 partae
746 1447 893 1498 accurata
908 1435 953 1500 la·

40 1547 131 1614 ctione
152 1542 332 1612 Auctorisa
363 1555 428 1608 erat
452 1543 558 1608 cadem
587 1541 707 1610 laboris
732 1559 806 1627 pars
836 1545 955 1631 jucun·
991 1561 993 1568 ·

41 1667 181 1747 lissima,
204 1681 264 1730 noe
290 1661 381 1730 labor
396 1663 509 1745 potius
526 1679 621 1745 quatu
641 1664 882 1734 condimentum
907 1671 954 1738 la.

43 1784 127 1850 botis.
181 1779 221 1848 lu
250 1777 401 1846 manibus
430 1778 584 1844 habebam
609 1783 776 1860 parvulum
804 1784 955 1854 volumen

42 1895 164 1979 exempli
195 1909 526 1960 sunanautaur
564 1889 680 1958 Graeci
714 1892 819 1960 habile
851 1909 883 1962 et
916 1897 957 1966 ad

42 2013 215 2099 gatandum
248 2007 365 2075 faciles
401 2023 532 2090 captans
557 2008 682 2076 aestivo
709 2021 851 2094 tempore
886 2031 957 2080 uut·

42 2131 116 2196 brun
131 2129 308 2208 arborum,
331 2124 468 2191 hiberno
489 2123 661 2191 matutinae
679 2125 776 2192 horae
792 2123 958 2212 iutegrita-

45 2259 304 2327 tcu,nocturnac
318 2238 603 2321 tranquillitatem,
622 2239 831 2326 conjiciebam
855 2260 904 2309 me
920 2245 958 2311 ia

45 2359 190 2428 lectionem
211 2353 403 2436 Plutarchi,
425 2350 470 2422 in‘
483 2357 552 2442 ejus
573 2374 622 2422 me
639 2357 813 2426 orationem
833 2373 866 2426 et
883 2377 959 2428 sen·

43 2475 156 2544 seutiam
173 2477 307 2558 penitus
326 2469 553 2553 insinuabam,
576 2489 691 2538 seusam
708 2475 842 2542 latentes
863 2477 958 2559 quasi

43 2593 171 2674 vestigiis
187 2589 347 2658 odorabat
363 2602 394 2655 et
412 2586 613 2672 indigebam.
657 2589 757 2657 Nulla
775 2609 843 2660 nou
858 2593 957 2660 lactis

44 2707 143 2775 habuit
161 2707 321 2792 insignem
348 2703 544 2772 inventionis
562 2705 752 2774 suavitatem
764 2723 788 2790 ,·
800 2725 865 2790 qua
890 2725 959 2776 non

45 2823 124 2888 aliam
148 2824 300 2907 majorem
319 2817 375 2884 Dii
402 2817 592 2886 mortalibus
609 2818 803 2903 largiuntur.
848 2819 957 2889 Modo

48 2943 243 3021 conoptelam
285 2935 456 3015 sanabam,
487 2935 587 3002 modo
619 2933 848 3000 obscuritatem
868 2935 961 3008 iliu·

49 3051 191 3135 strabam,
215 3048 477 3132 frequentissime
495 3062 631 3116 veterem
649 3046 719 3131 ipse
746 3064 850 3113 mcum
875 3067 962 3118 mro·
1027 3035 1028 3040 ¹

53 3181 105 3228 rcn
123 3166 343 3252 corrigebam,
365 3181 433 3246 quo
462 3163 547 3230 locis
569 3163 680 3246 atuh,
702 3163 846 3230 nandum
868 3164 963 3234 intel·

60 3277 150 3364 laetis,
185 3276 366 3348 violentum
399 3281 572 3346 remedium
610 3279 842 3346 adhibuissem.
898 3279 962 3348 Sed

9 3397 11 3404 ’
64 3391 122 3460 iace
134 3399 169 3464 ad
183 3395 316 3492 (arurae
329 3396 436 3462 dotem
456 3395 623 3464 Editionis
639 3393 842 3478 spectabant.
865 3397 962 3466 Alius

59 3513 218 3599 mtbuge
239 3510 454 3596 praestantior
478 3509 598 3594 ingenii
623 3506 959 3592 animiquefructust

58 3641 96 3694 nt
109 3647 167 3698 cun
183 3631 415 3718 perspiciendis
436 3629 707 3714 philosophorum
736 3629 906 3698 sententiis
922 3647 960 3696 ac
1017 3665 1018 3670 =
1075 3626 1081 3634 '

54 3749 227 3826 mandem
245 3769 346 3820 remur
373 3753 555 3822 urinarum
581 3749 853 3833 humanarumque
868 3745 964 3816 intei-

51 3861 201 3958 litcntiam
229 3867 378 3938 noudhll
400 3866 599 3956 profecisse,
627 3880 698 3940 tum
718 3867 880 3952 sapienter
895 3883 967 3934 mo·

916 3989 1172 4062 nt··‘
