2556 4710
251 311 294 400 ot
371 299 630 379 amerino
650 318 698 374 ax
725 299 848 378 nnrr.
873 303 1062 382 nnrmr

253 500 365 566 codem
390 493 560 564 suavitatis
582 489 693 559 fructu
714 512 819 561 carere
840 515 1043 584 cogerentur.
1092 499 1191 588 Quae

251 614 418 684 calamitas
435 631 474 678 ex
489 608 612 694 duplici
632 609 840 692 potissimum
868 632 964 682 causa
990 603 1073 682 oriri
1096 617 1190 684 vide·
1234 615 1235 658 ³

251 744 320 800 tur.
365 731 451 799 Cum
467 729 550 794 enlm
574 727 642 794 duo
658 727 727 794 sint
743 727 957 811 scriptionum
975 750 1094 816 genera
1109 733 1187 800 Plu·
1233 722 1235 783 l

250 849 376 930 tatchi,
407 847 537 911 alterum
567 861 634 926 quo
661 861 846 928 magnorum
875 846 1018 912 virorum
1055 845 1190 932 ingenia
1232 858 1235 900 i

250 964 444 1047 descripsit,
463 963 597 1028 alterum
616 977 684 1043 qno
698 959 953 1043 philosophicas
972 961 1191 1044 quaestiones
1234 959 1235 1018 ἰ

252 1077 425 1165 tractavit,
447 1087 479 1140 et
495 1074 673 1142 doctrinam
690 1075 728 1140 de
749 1073 832 1142 uitae
849 1090 1046 1160 motumque
1060 1079 1191 1148 ratione
1234 1097 1235 1138 l

159 1230 169 1245 -
251 1193 406 1276 tondit,
437 1191 502 1258 hoc
533 1189 689 1273 temporis
717 1191 834 1274 injuria
860 1203 966 1258 tantas
993 1193 1087 1260 labes
1114 1213 1190 1260 cor·
1234 1213 1235 1252 l

250 1309 460 1392 ruptelasque
477 1307 644 1392 suscepit,
665 1320 702 1372 ut
727 1325 840 1392 magna
860 1309 931 1393 ejus
949 1319 1024 1391 pars
1040 1309 1191 1398 intelligi-

250 1433 408 1506 nequeat:
431 1439 571 1505 cumque
588 1418 736 1488 ducentis
755 1434 788 1486 et
807 1420 1045 1506 quinquaginta
1060 1423 1192 1492 abhinc
1234 1429 1235 1452 ³

250 1537 345 1606 annis
361 1555 429 1604 non
451 1537 496 1603 sit
512 1536 655 1617 editum,
676 1535 739 1620 jam
763 1532 830 1601 fere
847 1535 996 1622 ignotum
1016 1535 1090 1604 fieti
1108 1557 1191 1605 coc·

250 1656 325 1740 pit;
340 1653 430 1720 ‘illud
456 1671 532 1719 vero
555 1665 629 1719 ante
653 1651 715 1718 hos
738 1650 868 1736 triginta
889 1664 992 1718 annos
1008 1650 1043 1717 in
1060 1651 1189 1735 Anglis
1234 1685 1235 1724 ;

249 1771 375 1839 editum
400 1769 530 1854 quidem
553 1783 603 1836 est
625 1766 759 1835 aldose
777 1767 918 1847 Solano,
939 1745 997 1832 aed
1012 1767 1188 1848 splendide

247 1888 476 1972 potiusquam
495 1887 669 1952 emendate.
715 1883 840 1949 Deinde
857 1885 908 1948 vel
926 1884 975 1948 sic
999 1898 1186 1969 utrumque
1234 1925 1235 1966 3

248 2021 353 2089 genus
376 2003 454 2068 adeo
480 1977 737 2067 rarum'factum
762 1985 832 2079 est,
861 2012 900 2066 ut
921 2001 1117 2082 saepissime
1143 2023 1186 2072 ne
1234 2051 1235 2082 f

247 2119 389 2188 maximo
416 2117 543 2202 quidem
562 2114 665 2200 pretio
680 2129 897 2198 comparetur.
932 2115 1031 2184 Unde
1053 2117 1119 2203 dt,
1145 2137 1182 2188 ut
1234 2179 1235 2190 2

233 2219 414 2307 ‘Plutarchi
430 2253 496 2304 non
514 2233 578 2302 nisi
594 2251 710 2302 nomen
730 2233 897 2315 audiatur,
921 2234 995 2300 libri
1015 2239 1086 2323 jam
1115 2237 1186 2306 fere

170 2395 188 2432 η
248 2353 419 2424 hominum
444 2352 594 2419 notitiam
622 2349 795 2437 effugiant,
817 2350 988 2418 laudentur
1011 2355 1055 2422 ab
1076 2356 1184 2424 omni·

245 2473 331 2554 laus,
353 2467 501 2558 legantur
516 2489 534 2536 a
551 2469 768 2554 paucissimis.

289 2586 396 2675 Quam
428 2585 582 2669 injustam
613 2599 731 2650 sortem
764 2601 839 2652 cum
867 2583 990 2652 mecum
1008 2587 1181 2672 dolerem,

246 2700 443 2790 indigneque
464 2701 601 2783 ferrem,
624 2703 838 2788 scriptorem,
862 2705 957 2788 cujus
974 2709 1181 2790 praestantia

244 2817 366 2886 nemini
389 2833 457 2883 non
479 2814 609 2882 assidua
642 2815 780 2884 lectione
810 2817 942 2902 cognita
976 2821 1180 2906 penitusque

247 2945 415 3016 perspecta
445 2949 515 2998 esse
541 2931 697 3013 debebat,
729 2945 817 2998 tanta
845 2934 948 3017 premi
973 2939 1177 3008 tenebrarum

245 3047 440 3131 iniquitate3
471 3048 616 3133 cogitare
633 3065 758 3115 mecum
785 3049 900 3131 coepi,
932 3065 974 3116 an
998 3047 1087 3119 forte
1110 3071 1178 3118 mea

246 3183 343 3245 opera
367 3165 407 3230 ad
438 3158 612 3246 pristinum
641 3160 840 3246 splendorem
876 3163 1017 3230 reuocati
1048 3177 1173 3248 posset.

129 3295 132 3302 ’
247 3279 419 3358 Arduum,
440 3281 566 3359 latent,
592 3295 678 3360 opus
693 3292 725 3342 ct
741 3275 888 3344 difficile!
920 3276 1008 3365 Quid
1025 3277 1174 3362 qnaeris?

245 3395 373 3466 nouere
395 3397 503 3479 coepi.
522 3431 564 3450 -·
580 3390 643 3462 sot
668 3392 858 3478 ingredienti
883 3395 917 3461 in
948 3395 1011 3462 hoc
1034 3392 1177 3478 spatium

248 3531 322 3591 curn
347 3529 478 3580 necesse
496 3512 658 3579 videretur
681 3509 824 3577 libellum
847 3512 986 3595 aliquem
1009 3507 1176 3581 Plutarchi

248 3631 349 3699 veluti
369 3632 526 3711 palpasse
542 3632 633 3714 χάριν
653 3631 765 3711 edere,
788 3631 887 3698 incidi
903 3629 989 3699 forte
1004 3633 1038 3698 in
1054 3633 1173 3699 librum

248 3746 291 3812 de
305 3763 380 3816 seta
395 3748 538 3812 numinis
557 3747 717 3814 uindicta.
762 3743 863 3816 Erant
880 3749 1008 3831 quidem
1026 3765 1058 3820 et
1072 3765 1178 3814 amoe-

1100 3881 1173 3933 nto·
