2562 4708
154 315 158 326 ’
290 349 360 440 ηε
468 347 724 426 nnansamo
750 301 801 424 es
829 333 1053 434 remorre
1146 325 1149 334 ’

270 546 344 612 mit
368 539 546 624 madreia,
572 537 713 640 editione
734 539 772 606 in
793 556 919 608 novum
937 539 1037 610 incidi
1060 541 1148 614 vitae
1164 553 1219 632 ges

292 675 376 730 nus:
407 653 643 743 professoriam
679 674 729 722 me
757 675 874 726 munus
910 675 950 726 ex
976 660 1043 728 allo
1068 662 1222 748 deinceps

292 775 381 842 aliud
412 773 565 855 excepit,
595 773 852 856 unumquodque
885 791 945 842 arra
981 774 1050 842 sibi
1078 775 1229 846 novitate

185 979 192 990 ⁸
293 909 390 961 omne
411 905 514 958 tntum
537 902 668 971 tempus
689 886 868 958 vindicans.
914 891 988 956 Hoc
1006 891 1041 958 in
1061 873 1145 960 vitae
1162 911 1220 978 ge-

292 1027 369 1080 nere
393 1009 426 1076 si
450 1007 576 1090 dicam,
597 1006 767 1096 duodecim
792 1007 894 1074 instar
917 1025 1074 1078 annorum
1093 1025 1226 1096 tempus

294 1130 335 1196 de
361 1127 534 1198 Plutarcho
567 1124 731 1206 ablatem,
775 1127 882 1192 datvm
918 1123 1029 1196 fuisse
1053 1127 1227 1214 docendo,

294 1240 492 1322 scribendo,
515 1238 637 1324 agendo
650 1279 669 1322 ,
684 1238 770 1308 btvd
788 1237 922 1306 nimium
942 1240 1060 1310 dicam.
1103 1241 1225 1329 Singu-

292 1360 326 1430 ia
351 1375 531 1435 enumerare
555 1375 615 1426 nec
637 1376 722 1442 opus
748 1370 820 1440 est,
842 1371 874 1422 et
894 1357 1139 1424 ostentationem
1165 1359 1225 1425 ba.

294 1475 371 1544 bere
398 1477 553 1550 videatur.
600 1474 719 1542 Annus
737 1491 822 1542 unus
847 1487 879 1539 et
899 1474 972 1562 item
991 1473 1093 1554 alter,
1110 1475 1225 1556 plures

293 1595 468 1677 deinceps,
491 1592 534 1658 ita
549 1590 679 1658 abibant
696 1603 733 1658 rrt
749 1589 889 1657 muneris
917 1589 987 1674 ipse
1010 1589 1070 1656 mei
1095 1605 1221 1678 satage-

294 1726 386 1792 tem,
409 1707 584 1778 Plutarcho
602 1723 669 1774 nott
684 1705 751 1773 nisi
766 1704 986 1788 subsecivaa,
1005 1723 1122 1790 easque
1140 1726 1230 1791 pau«

297 1845 377 1911 cas,
400 1826 504 1894 darem
533 1824 653 1901 horas,
684 1822 804 1888 netad
827 1819 1017 1887 laboriosam
1044 1820 1228 1890 meditatio-

287 1947 398 2024 'nem,
419 1941 476 2008 aed
492 1939 535 2007 ad
548 1935 730 2022 quotidiani
755 1933 875 2006 liboris
892 1935 1032 2020 requiem
1045 1926 1081 2006 'et
1105 1938 1228 2006 relaxa·

294 2059 433 2128 tionem.
1073 2141 1078 2148 ¹

340 2171 427 2242 Tum
448 2189 525 2242 vero
543 2170 693 2258 paulatim
708 2163 825 2258 agnovi
846 2181 999 2257 quantum·
1030 2163 1088 2268 illa
1105 2189 1154 2238 me
1171 2165 1223 2238 fe-

297 2294 439 2368 fellisset
463 2295 577 2380 opinio
602 2298 640 2363 de
662 2295 811 2380 proximo
829 2294 1015 2377 decennio,
1030 2313 1096 2376 quo
1114 2311 1226 2376 spera·

299 2427 407 2480 veram
424 2429 473 2480 me
488 2408 659 2478 editionem
679 2409 906 2477 absoluturum
933 2425 1015 2475 esse.
1059 2408 1222 2475 Rationes

296 2523 422 2591 numeri
452 2523 665 2609 subduxeram
691 2523 885 2590 admodum
911 2521 1101 2606 temporis,
1127 2521 1226 2604 quod

290 2635 333 2730 ‚in
359 2638 543 2706 adorando
566 2639 675 2708 libello
700 2637 739 2705 dt
766 2639 851 2705 Sera
881 2640 1037 2708 Numirtt't
1062 2637 1230 2707 Vindicta

277 2757 551 2821 ‘consenseram
584 2751 669 2818 ·Hoc
685 2749 788 2816 fuerat
801 2764 940 2832 quatuor
955 2767 1126 2840 annorum.
1156 2749 1225 2819 lta·

296 2888 360 2954 que
387 2873 492 2938 decem
508 2871 594 2938 varmti
627 2870 707 2960 satis
738 2889 900 2957 superque
930 2891 1003 2964 esse
1025 2873 1226 2962 videbantur

294 2988 432 3058 editioni
465 2986 685 3056 universorum
718 3005 873 3072 operum
906 3003 1001 3056 aucta
1032 2995 1223 3073 praesertim

214 3181 216 3188 s
293 3107 469 3190 progressu
497 3099 629 3183 aetatis,
661 3115 698 3165 ut
729 3098 916 3186 sperabam,
954 3097 1105 3166 facultate
1134 3119 1224 3172 mea.

291 3218 339 3312 lit
358 3235 436 3284 vero
460 3216 493 3284 in
520 3217 583 3284 ista
611 3215 829 3286 subductione
855 3233 932 3291 tres.
948 3235 1019 3298 me,
1042 3218 1130 3312 iiqrte
1148 3239 1223 3306 gra.

293 3351 379 3415 ves,
399 3333 551 3410 ‚latebant
573 3351 707 3402 errores.
750 3333 900 3421 Primus,
932 3331 969 3400 ln
992 3349 1131 3402 numero
1157 3357 1221 3421 pa·

285 3445 463 3536 ginaruma
494 3467 575 3531 quae
601 3464 679 3515 aunt
708 3449 797 3516 illius
835 3448 935 3531 libelli
961 3449 1111 3544 vicenae,
1144 3451 1224 3520 urri-

242 3619 244 3624 ,
280 3578 460 3654 ‚versorum
480 3579 611 3646 operum
640 3561 691 3629 bia
715 3561 802 3627 mille
816 3577 847 3628 et
864 3565 962 3630 ultra.
1005 3563 1086 3632 Erat
1111 3565 1220 3650 igitur

291 3693 449 3774 enorme,
476 3675 527 3742 bis
563 3673 810 3770 mille3paginis
840 3692 944 3774 annos
975 3679 1048 3746 dare
1080 3680 1219 3762 decem,

292 3806 392 3874 quum
415 3804 553 3871 quatuor
566 3789 633 3856 dati
658 3805 766 3858 essent
783 3791 919 3862 vicenis.
958 3796 1052 3862 iliter
1074 3793 1140 3862 soit
1167 3817 1219 3864 er·

291 3913 368 3983 tor,
379 3903 470 3984 qood
485 3920 553 4004 nom
567 3903 854 3976 animadvertebam
870 3909 1041 3996 numaque
1057 3911 1221 3997 temporis
1260 3893 1261 3902 ἵ

1165 4023 1218 4092 (fi.
