2388 4714
126 277 384 354 PLUTARCHI
402 279 671 358 moriuntur.
694 291 771 368 Vol.
788 301 816 370 1.
866 303 954 374 rut*

35 469 105 536 lotia
119 487 175 552 per
202 469 328 538 indues
350 471 504 556 vulgatos
531 471 743 560 indagandis,
766 483 822 548 aed
844 485 941 554 medi·

35 599 86 650 tata
117 602 151 649 rc
181 585 332 668 diligente
357 585 503 670 iptorum
538 590 678 660 lectione
711 595 931 680 Scriptorum:

35 717 121 780 reque
135 697 216 766 satia
234 716 283 767 eat
305 703 398 770 locon
425 702 503 770 iilos
531 709 755 780 tantummodo
770 711 940 798 collegisse

35 837 60 884 rr
77 818 241 903 attulisse,
273 821 330 888 aad
353 821 462 907 ipsiua
489 823 595 904 etiam,
610 827 775 894 doctrinae
802 843 835 894 et
860 829 939 897 attia

39 938 117 1022 rujuu
138 937 279 1022 quiaque
314 953 363 1006 est
393 942 512 1025 locus,
543 942 667 1025 totius,
699 945 791 1026 quari
820 963 941 1031 corpo·

38 1054 94 1134 ria,
109 1053 201 1122 forma
217 1069 252 1122 et
268 1069 376 1140 partes
392 1061 546 1126 tenendre
562 1075 652 1126 aunt.

73 1168 127 1254 Jtu
144 1172 205 1240 lroc
231 1171 397 1258 negotium
426 1191 580 1257 quamtum
611 1175 733 1244 differat
758 1193 866 1248 utrum
902 1179 939 1247 iu

39 1303 165 1370 munau
183 1307 304 1376 magno
323 1289 409 1358 libro
420 1275 447 1372 ,'
458 1305 566 1358 orrum
583 1294 617 1358 in
640 1292 736 1360 uniuu
754 1313 794 1362 an
812 1295 939 1362 univer·

38 1419 122 1478 romu
144 1402 417 1472 Pbrtartbeorum
447 1405 588 1504 editione
615 1403 770 1472 librorum
801 1423 938 1492 agitur,

34 1537 89 1584 mm
103 1538 194 1587 nemo
211 1537 281 1589 non
300 1521 475 1606 inteiligit,
498 1536 569 1588 tum
596 1519 699 1606 magia
720 1523 816 1596 etiarn
842 1523 939 1590 intell

13 1683 14 1692 κ
35 1635 227 1719 inmun-si,
249 1635 332 1720 quid
353 1635 431 1702 mihi
448 1635 623 1716 acciderit,
647 1654 827 1714 narravero,

62 1751 160 1838 Quum
189 1753 231 1818 arl
254 1753 401 1820 libellum
429 1752 469 1826 dt
496 1755 581 1822 Stra
605 1751 763 1820 Numinis
779 1752 937 1836 Μάραθα

34 1875 212 1957 maduerit,
232 1889 343 1940 roeeua
372 1891 457 1942 etam
492 1893 512 1940 a
536 1871 720 1956 principum
757 1875 938 1944 Auctorum

12 2033 13 2042 κ
33 1989 206 2060 Gomorram
229 1991 389 2074 lectione,
411 2003 450 2059 ut
473 1989 576 2059 exiis
602 1991 692 2072 quod
711 1989 751 2056 ad
768 2005 832 2054 rem
848 2005 939 2071 praa·
1021 2015 1028 2040 ·

36 2122 133 2176 omrem
150 2110 432 2178 accommodatum
449 2121 555 2190 eram,
577 2103 673 2172 facile
697 2103 776 2172 milti
796 2105 937 2188 aubjire·
1078 2102 1086 2116 '

33 2237 74 2288 rtt
90 2224 243 2292 moria.
296 2221 470 2304 Libellus,
500 2234 615 2306 utnote
637 2239 777 2304 parvus,
807 2220 938 2303 aliquo.

35 2331 89 2400 ties
112 2339 238 2422 lectus,
269 2337 315 2405 ita
347 2335 516 2406 memoriae
550 2337 760 2419 trudebatur,
791 2352 829 2404 ut
861 2355 937 2414 eum

36 2454 110 2534 quati
136 2457 169 2524 in
202 2469 371 2526 numerato
409 2455 568 2522 haberem.
619 2453 672 2522 Ab
702 2455 765 2522 boc
787 2454 862 2521 item
887 2471 936 2519 re·

36 2587 113 2654 rma,
141 2575 180 2641 ad
208 2574 292 2642 aliua
325 2574 477 2658 legendos
510 2573 670 2641 Auctoreu
703 2571 934 2656 progrediens,

38 2699 78 2752 rua
103 2689 200 2773 magia
233 2686 458 2774 percurrebam
490 2705 585 2772 quam
621 2687 792 2772 legebam,
823 2699 860 2754 ut
887 2700 937 2760 ta·

39 2817 92 2870 um
105 2807 292 2876 rttenderem
314 2807 403 2889 quod
420 2807 460 2873 ad
480 2807 569 2878 hunc
587 2804 733 2872 libellum
750 2803 932 2885 pertineret,

40 2912 124 2988 lutor
143 2941 162 2988 e
184 2921 344 2990 doctrinis
370 2923 492 3008 petitor
522 2923 602 2991 tatia
630 2921 783 2988 habebam
806 2918 935 2986 unium·

42 3044 67 3096 lt
84 3049 110 3101 tt
126 3037 231 3105 obiter
255 3013 470 3126 cognovisse,
493 3027 714 3108 norr'uacabrt
737 3053 848 3107 eorum
866 3038 933 3104 rim

43 3163 72 3214 tx
85 3132 342 3241 intelligentia‘et
373 3155 496 3226 ratione
529 3157 634 3224 totius
666 3154 829 3224 doctrinae
861 3171 933 3238 per·

47 3263 143 3342 tntae.

81 3377 153 3450 lr‘m
177 3387 288 3474 magni
312 3389 419 3472 operia
454 3389 586 3475 negotio
613 3388 661 3456 nil
696 3385 801 3456 simile
834 3384 932 3458 istiut

46 3498 89 3561 vd
105 3497 246 3578 fmlimtis
274 3511 328 3578 vti
354 3509 515 3594 levitatis,
537 3511 644 3579 omnia
668 3509 730 3576 alla
754 3523 786 3574 et
805 3507 935 3578 'diuersa

43 3625 136 3688 eraut..
156 3623 261 3708 Coepi
284 3623 447 3694 unctores
470 3645 545 3694 cum
564 3628 707 3695 nondum
726 3630 827 3696 lectoa
849 3628 933 3712 lege·

43 3743 88 3811 Ε,
107 3747 162 3804 nrm
178 3755 272 3810 autea
295 3744 401 3812 lector
426 3747 582 3831 relegere,
603 3765 663 3814 nec
686 3745 786 3832 magis
809 3744 937 3814 Plutum

45 3841 103 3934 rbi,
121 3869 211 3938 qnam
225 3858 374 3946 iptorum
390 3879 525 3935 caturae
548 3883 616 3934 non
637 3865 782 3951 turrim,
804 3867 861 3937 aul
882 3881 939 3947 pe-

507 3977 530 4048 s
552 3994 573 4064 ⁵
890 3993 946 4065 de·
