2508 4712
94 319 97 329 ·
143 320 147 330 v
252 305 464 388 uranu.
493 293 835 378 nunnnuntn
948 275 1022 414 tii,

88 523 192 598 penus
209 511 513 586 monumentorum,
528 491 655 559 nullum
673 487 872 558 Graecorum
879 447 1015 562 Larinu-

87 637 227 704 tumque
235 615 457 699 Scriptorum,
477 610 603 680 nullum
616 604 906 694 Grammaticorum
914 608 1017 676 Sciro-

87 739 320 809 limtarumve,
341 745 414 792 cum
432 725 612 805 editorum,
634 734 704 790 tum
723 719 942 802 ineditorum,
961 741 1021 807 ge.

71 873 181 936 ·nus,
203 853 284 936 quin
310 849 343 918 id
367 824 581 914 urimenus
608 841 743 927 legendo
765 810 1014 924 pertractasset,

88 970 178 1039 unde
196 966 399 1045 reconditas,
422 961 540 1030 nemini
554 959 724 1043 cognitas,
748 957 816 1026 fere
828 971 1014 1044 emortuas,

84 1099 162 1152 curn
192 1097 294 1146 rerum
326 1089 485 1160 gestarum
515 1072 671 1153 notitior,
702 1085 770 1140 tum
794 1071 1014 1142 doctrinarum

86 1194 243 1278 reliquias
268 1203 477 1276 expromeret.
530 1187 654 1254 Deinde
684 1184 871 1268 informa,
901 1186 1014 1271 dispo·

87 1311 203 1384 nendis
220 1305 366 1391 partibus
387 1304 427 1370 td
446 1301 730 1398 perspicuitatem,
751 1309 784 1364 er
800 1298 893 1380 quasi
914 1317 1011 1366 mem·

91 1426 162 1494 bris
177 1425 218 1492 ad
235 1420 403 1504 quamdam
423 1415 571 1500 corporis
588 1413 802 1498 integritatem
815 1429 1013 1494 componen-

88 1541 166 1623 dis,
186 1539 227 1604 ad
243 1533 430 1604 historicam
449 1530 602 1598 rationem
617 1524 877 1606 conformandis,
895 1525 1012 1592 Ruhn-

89 1651 208 1726 keuius
231 1661 263 1722 et
283 1661 395 1716 natura
417 1661 447 1712 et
470 1661 533 1710 usu
558 1640 703 1709 valebat:
726 1641 804 1704 aiter
821 1639 860 1706 de
876 1637 940 1708 hoc
959 1638 1011 1706 of·

89 1768 171 1838 ficio
187 1785 227 1834 ne
243 1764 406 1850 cogitasse
425 1758 555 1842 quiden
581 1755 725 1825 videturt
749 1769 779 1820 et
798 1753 818 1822 i
837 1753 917 1821 bene
931 1755 1012 1822 aeri·

76 1871 188 1954 [bentii
208 1880 382 1956 fatuitate,
404 1873 539 1957 quaein
559 1869 755 1944 Ruhuireuio
773 1887 896 1946 summa
910 1865 1007 1954 fuit,

87 1977 213 2073 tantum
239 1995 369 2076 abfuit,
394 1993 448 2067 uir
470 2005 505 2056 ut
528 1989 567 2056 ad
591 2005 659 2055 earu
681 1986 866 2069 adspiraret.
914 1987 1013 2057 uerti«

86 2135 152 2199 que
169 2111 316 2208 ijudieii
330 2107 464 2178 sanitate
482 2119 515 2172 et
536 2103 692 2188 elegantia
705 2104 799 2174 ilium
818 2103 1007 2192 superstitio

83 2248 183 2314 saepe
205 2227 343 2308 auertit;
376 2221 603 2293 Ruhnkenium
638 2221 727 2304 quod
755 2235 930 2303 averteret,
961 2219 1010 2288 nii

83 2343 169 2414 fuit.
214 2341 319 2425 Igitur
341 2336 394 2403 hic
420 2339 490 2422 ejus
512 2335 640 2403 libellus
657 2336 742 2416 apud
761 2333 1012 2418 intelligentissi-

86 2477 164 2534 mos
187 2454 336 2542 judices,
358 2451 494 2536 triplicis
519 2452 618 2534 artis,
640 2451 822 2535 Historiae,
843 2452 1009 2536 Criticae,

84 2569 325 2656 Eloquenrire,
346 2569 479 2650 palmam
499 2569 588 2638 tulit.

113 2685 347 2760 Bibliotheeatu
355 2683 510 2748 Criticmu
519 2681 1010 2766 seribeteiustituenti(1777.),

85 2805 229 2895 primum
253 2801 422 2872 dirsursor
447 2793 546 2874 mihi,
568 2792 680 2861 deinde
701 2807 818 2858 suasor
842 2789 909 2858 fuit
932 2811 1026 2858 eon·¹
1159 2823 1169 2838 ·

85 2922 174 3002 aiiiit
198 2919 294 3004 eujus
317 2927 430 3004 postet
454 2922 604 2980 neutrum
621 2904 796 2990 poenituit.
842 2903 926 2974 Nan
946 2905 1014 2972 nrsr

85 3035 221 3132 publice
245 3031 430 3106 Lirenatum
456 3022 575 3096 studiis
595 3017 741 3104 profuit,
764 3015 915 3102 priuatim
930 3033 1016 3086 cette

83 3171 201 3240 nostra
216 3152 354 3230 invicem
373 3160 556 3224 sermonum
573 3139 846 3226 epistolarumque
859 3153 1016 3208 commet-

88 3285 143 3354 eir
159 3276 378 3362 frequentiora
397 3267 550 3339 reddiditt
574 3261 695 3350 quibus
715 3278 747 3330 et
761 3263 840 3347 iiie,
864 3271 1015 3344 quaerat

87 3419 166 3484 erga
182 3415 233 3466 me
248 3411 377 3473 amore,
399 3399 590 3474 magnopere
617 3399 653 3450 se
669 3379 818 3452 delectari
832 3375 1015 3458 fatebatur,

90 3531 127 3586 et
143 3533 204 3602 ego
220 3531 294 3580 rum
311 3496 471 3578 seribendi
489 3499 734 3580 exercitatione,
758 3511 826 3562 tutu
842 3492 930 3566 iliius
948 3509 1017 3558 mu·
