2438 4718
270 344 338 426 μοι
407 321 584 398 orsrur.
607 321 669 392 uu
691 269 918 398 aucrouu
942 325 1061 400 arsur

274 518 412 597 dubium
429 530 531 586 rocoa
551 503 627 580 dico
657 505 690 576 iu
708 509 917 595 germaniaco
942 513 1104 584 Plutarchi
1119 521 1182 586 sol·
1207 578 1208 598 1

277 637 346 724 ptis
366 649 433 702 oon
458 644 594 700 exstare.
641 625 760 709 Neque
776 626 810 694 ira
835 627 875 694 iis
894 629 935 696 ad
954 643 1078 698 tautum
1095 652 1184 702 uoue-

266 769 350 826 ,ναι
368 743 556 832 colligendis
572 743 712 826 aliquam
731 759 787 809 aut
801 744 994 814 calumniam
1009 763 1065 814 aut
1079 751 1186 834 cupidi·
1208 800 1209 840 q

280 851 378 939 tateur
394 877 527 934 secutus
542 876 635 927 surus
661 859 773 926 multis
791 860 936 942 partibus
948 863 1099 950 majorem
1114 865 1189 934 colli·
1208 881 1209 886 ’

280 1007 353 1078 gere
371 997 512 1069 poteram
537 993 729 1058 numerum,
752 974 781 1042 ai
797 976 977 1062 allegisseru
997 999 1074 1050 cum
1095 987 1187 1067 vulga·
1209 1024 1210 1078 q

281 1105 327 1172 ria
349 1117 384 1171 ct
402 1096 571 1166 communi
594 1113 656 1160 usu
682 1093 779 1174 tritaq
810 1108 878 1160 tuur
908 1109 1048 1184 quotum
1073 1099 1188 1168 themata

282 1222 395 1290 srltem
412 1227 489 1287 sunt
506 1213 540 1279 in
555 1210 757 1292 Plutarcho,
770 1209 1133 1298 velutiareplmmffl
1145 1235 1190 1284 eu,

277 1337 337 1422 lus
355 1345 460 1400 exstat
484 1328 588 1394 thema
605 1329 830 1412 squamaqu-
851 1340 922 1393 tuut
948 1347 985 1396 ca
1005 1333 1120 1412 quibus
1143 1331 1191 1396 uti·

286 1467 340 1520 tur
358 1447 486 1532 quidem
506 1443 723 1528 Plutarchus,
746 1445 802 1510 sed
818 1461 979 1530 potestate
994 1461 1023 1512 tt
1044 1447 1195 1532 siguifica-

278 1563 370 1642 tioue
384 1563 529 1630 diversae
548 1577 687 1645 quorum
708 1560 853 1628 omnium
868 1579 945 1628 curu
966 1581 1088 1631 ouucro
1104 1583 1194 1650 auge·

282 1695 336 1754 tut
352 1677 427 1750 itero
445 1677 591 1764 suspicio
609 1680 650 1746 de
664 1676 770 1764 ipsius
786 1679 973 1750 diversitate
990 1678 1134 1752 auctorit·

606 1910 887 1972 CARI!-

279 2119 332 2213 De
353 2123 534 2198 Verborum
557 2125 796 2212 Nominumquc
817 2095 1076 2211 significatione,
1090 2141 1193 2217 urata·

459 2251 594 2330 sitione,
616 2247 799 2332 j'oraault't,
827 2247 1034 2320 dictionibus.

323 2475 434 2546 Altera
459 2475 617 2544 orationis
645 2495 717 2564 pars
744 2495 811 2544 nota
838 2477 871 2544 iu
898 2472 979 2559 ipsis
1001 2498 1061 2564 per
1079 2499 1114 2548 se
1129 2478 1196 2546 aoht

281 2587 388 2656 verbis
404 2588 676 2672 nominibusque,
699 2590 808 2658 sedin
825 2607 933 2658 corum
951 2607 984 2656 et
998 2591 1200 2683 significatio·

281 2721 367 2786 treet
384 2707 467 2778 iuter
484 2723 519 2769 se
536 2704 790 2790 conjunctione,
815 2706 848 2770 id
874 2722 924 2785 ast
940 2704 1094 2778 formulis
1109 2725 1144 2773 at
1158 2705 1201 2771 ui·

283 2821 471 2904 ctionibus,
489 2825 646 2890 cernitur.
675 2823 785 2905 Atque
801 2819 864 2888 hoc
876 2819 912 2888 in
926 2823 1004 2893 ioco
1021 2825 1201 2890 muiucou

283 2958 381 3029 prava
391 2957 422 3012 et
432 2942 541 3016 miuus
554 2943 680 3029 proba,
697 2957 766 3011 tuor
786 2961 803 3006 a
818 2939 986 3028 Plutarchi
1002 2944 1082 3012 stilo
1089 2944 1201 3024 aliena,

276 3059 489 3141 reperiemus,
533 3057 725 3124 Plutarchus
745 3054 837 3121 habet
854 3054 917 3120 illu·
927 3055 1054 3142 quidem
1071 3057 1203 3124 subinde

285 3170 404 3246 rariora
419 3191 437 3238 a
455 3170 577 3254 vulgari
595 3189 656 3238 usu
674 3169 996 3254 remotavooebu1a‚
1018 3173 1073 3264 aad
1087 3189 1160 3240 nou
1177 3183 1204 3234 ut

285 3299 320 3348 ea
345 3285 491 3360 studiose
518 3301 668 3382 quaerat,
691 3287 747 3352 sed
764 3298 799 3350 ut
816 3303 874 3373 per
892 3285 1086 3375 multiplicis
1103 3285 1205 3352 lectio·

155 3402 157 3408 ’
216 3485 220 3494 ,
278 3400 336 3476 llis
363 3401 592 3489 doctrinaeque
617 3403 842 3482 abundantiam
869 3402 978 3485 oblata
996 3405 1161 3488 accipiat,
1179 3414 1204 3466 et

284 3517 326 3583 ad
344 3519 518 3592 sentcntiae
537 3537 614 3594 suae
628 3520 697 3596 ,sior
717 3519 1202 3602 efficaciamqueaccomuouta

288 3633 426 3704 eamdem
452 3639 600 3718 sequitat
628 3638 782 3730 rationem
811 3657 848 3706 ac
873 3637 1080 3720 prudentiam
1101 3633 1206 3704 infor·

285 3749 436 3824 muliare
455 3755 669 3832 dictionibus.
713 3757 859 3848 scriptor
875 3755 977 3826 libelli
993 3755 1098 3846 hujus
1114 3757 1149 3825 io
1165 3751 1205 3818 hit

1152 3878 1208 3938 ma
