2506 4712
192 345 398 446 vitnn.
429 337 808 446 uur‘r‘ut‘r‘eu'tn'
883 341 964 473 7}3'·‚

10 555 100 662 qui
104 565 260 646 memor,
282 551 428 647 Longini
454 559 702 644 interpretibus,
728 579 816 631 unus
828 560 943 644 liuh„
940 551 962 571 .

10 687 137 754 ir'enius
161 673 317 771 Longino
335 679 552 762 simillimus,
578 691 610 746 et
627 679 742 748 alter
732 701 804 767 lpse
821 681 950 770 Longi·

10 817 81 870 nus
96 795 231 863 habitus
246 809 307 866 est.

29 911 174 980 'Hic
145 903 175 978 er
193 931 307 1004 sensus
326 909 392 978 fuit
417 925 449 978 et
474 929 599 978 morunt
617 911 749 999 suntet
774 893 957 1002 officiorum*

11 1027 162 1116 regula,
185 1047 249 1110 qua
275 1041 449 1095 contentus
468 1013 622 1095 rationem
651 1047 718 1097 non
735 1031 946 1097 desideraret.
958 1055 962 1068 ·

10 1149 74 1214 n'ec
93 1143 254 1230 probabat
266 1162 340 1226 eos,
363 1144 421 1227 qui
437 1145 552 1228 quavis
569 1145 603 1212 ln
622 1146 748 1214 actione
760 1147 944 1232 suscipien-

11 1261 54 1332 da
79 1263 251 1348 diligentes
279 1280 314 1348 sc
340 1259 518 1328 officiorum
546 1261 786 1330 ratiocinatores
807 1262 941 1330 ferrent.

12 1365 115 1444 Hanc
138 1373 315 1442 officiorum
341 1375 494 1442 rationem
527 1379 547 1442 i
573 1375 785 1462 Philosophis
812 1359 958 1462 explici-³

17 1515 85 1568 tam
95 1499 235 1568 libenter
250 1497 486 1583 cognoscebat:
510 1497 544 1565 in
561 1475 767 1582 actionibus,
780 1497 954 1568 nisivalde'

17 1618 155 1699 dubiis,
177 1619 306 1684 consuli
323 1615 476 1700 nolebat3
499 1614 589 1702 quod
610 1617 798 1685 deliberatlo
819 1616 884 1684 vim
899 1629 947 1684 at·

17 1753 87 1819 que
103 1733 259 1818 impetum
277 1732 407 1800 virtutis
416 1731 462 1798 ad
479 1730 558 1800 bene
573 1731 759 1804 iaciendum
770 1781 775 1788 .
785 1731 890 1816 napis
902 1751 950 1798 ro·

15 1853 179 1940 tardaret,
208 1867 303 1932 quam
333 1863 476 1933 regerett
510 1863 542 1915 et
565 1868 644 1940 reto
671 1849 881 1934 paucissimas
915 1849 952 1919 ἰιι

22 1967 92 2033 vita
116 1965 255 2030 bumana
280 1962 423 2031 actiones
447 1963 561 2031 dubias
588 1983 677 2032 csse:
700 1967 871 2051 plerasque
886 1979 952 2034 tam

22 2062 159 2148 evidens
177 2075 447 2163 manifestumque
465 2079 485 2146 d
504 2095 615 2147 natura
632 2079 823 2170 impressum
840 2083 957 2149 habere

25 2197 105 2264 recti
133 2193 286 2279 pravive,
310 2193 466 2276 sequendi
483 2187 689 2306 fugiendire,
713 2195 842 2287 signum
858 2211 956 2262 et·
903 2195 956 2262 in·

26 2313 184 2395 dicium,
208 2309 297 2392 quod
322 2305 442 2393 cuique
465 2327 533 2377 non
558 2295 694 2392 prorsus
718 2306 825 2376 hebeti
849 2306 956 2412 primo

27 2428 152 2496 obtutu
176 2423 210 2493 ln
228 2423 369 2491 oculos
360 2437 513 2492 incurrat
557 2423 636 2491 item
653 2424 818 2511 judicabat
834 2424 874 2491 tie
888 2405 958 2490 veri

26 2543 201 2630 pulcrique
218 2559 335 2610 sensus
358 2537 596 2632 emendationes
613 2543 761 2611 iocorum
781 2525 956 2624 corrupto·

28 2680 124 2744 rum,
148 2645 424 2740 interpretationes
447 2621 648 2736 difficilium‚
671 2672 791 2739 sponte
813 2676 849 2722 ac
866 2653 957 2726 facili

29 2793 128 2860 partu
154 2787 265 2851 natas,
289 2787 412 2852 suaque
436 2788 470 2835 sc
497 2767 706 2856 simplicitate
733 2777 957 2841 commendan-

30 2903 105 2972 tes,
129 2884 308 2952 vcrlssimas
332 2883 512 2970 judicabatt
540 2883 647 2951 minua
665 2903 741 2968 eas,
766 2871 961 2974 quae'iong'a

32 3003 234 3090 cogitatione
258 3003 440 3086 quaesitae,
462 3003 529 3070 veri
553 3017 662 3070 notam
684 3019 751 3070 non
775 3002 810 3068 in
827 3019 963 3087 promtu

32 3119 175 3202 positam
191 3107 360 3198 haberent,
378 3119 433 3184 sed
447 3135 612 3186 assensum
630 3117 875 3203 intelligentium
889 3120 964 3183 ion·

34 3223 76 3319 ξι
101 3235 263 3302 rationum
289 3218 558 3331 demonstratione
582 3237 673 3318 quasi
697 3221 893 3302 ambirent(
921 3231 963 3300 ln

31 3345 192 3420 dieterum
218 3343 368 3436 ¹scriptis
398 3352 478 3436 quid
510 3337 620 3436 pulcie
652 3346 786 3418 dictum'
805 3351 888 3434 sit',
905 3349 966 3417 s'ua

41 3487 202 3554 quemque
226 3481 370 3553 ¹natura,
392 3469 461 3536 nisi·
480 3471 631 3554 stupidus
657 3453 722 3552 sit,
745 3453 884 3551 sentire,
906 3485 967 3535 nec

41 3579 261 3676 admonitione
275 3603 360 3670 opus
375 3583 506 3654 habetet
530 3601 719 3672 vanosesse
731 3582 806 3652 iilos
822 3580 969 3674 admoni-

32 3709 157 3782 ‚tores,
178 3699 292 3782 quide
307 3699 416 3790 pulcri
432 3701 558 3789 caussis
576 3701 763 3788 dissererent
779 3701 813 3764 in
827 3697 968 3766 animad-

30 3810 251 3882 ,versionibus
276 3814 315 3879 ad
339 3783 520 3894 ductores,
550 3833 670 3895 eosque
698 3813 907 3895 aestlteticis,
928 3824 966 3878 ut

48 3937 186 4011 vocant,
211 3928 410 3998 editionibus
430 3929 729 4014 interpretarentur:
749 3927 969 4011 Philosopho-

450 4043 609 4116 -Bbbn
790 4086 795 4094 ·
896 4055 971 4116 ΝΜ
