2470 4724
211 357 349 442 ortt
387 355 435 435 n.
473 339 812 446 annuarum
914 375 984 468 ue
1028 343 1032 358 '

63 557 151 645 dine,
174 573 206 629 et
219 556 254 626 ln
269 573 306 624 re
319 550 399 625 satis
415 555 524 638 laota;
548 569 621 623 nam
638 571 729 640 pater
747 575 866 631 munos
882 561 980 634 Sent-

58 677 137 761 teti,
160 673 249 760 quod
271 688 323 740 est
336 669 493 759 praetoris
510 673 688 757 rusticani,
713 675 839 759 gessit,
861 697 917 746 nee
942 680 980 749 in'

55 799 248 877 liberorum,
270 787 352 877 quos
371 793 478 876 plures
501 791 657 875 habebat,
671 792 889 892 ¹institutione
905 815 978 884 par·
1085 879 1087 884 ¹

54 935 114 985 cus
141 911 218 982 iult.
262 911 313 980 Ex
338 911 389 979 his
416 907 555 978 Davides
582 913 857 997 puerulusquum
874 919 978 985 mdo·
1007 926 1009 934 '

53 1031 121 1114 mi,
144 1045 176 1097 ct
192 1031 225 1096 in
244 1025 386 1115 magistri
409 1027 510 1110 ludo,
532 1027 650 1094 indicia
669 1029 789 1115 ingenii
806 1049 843 1096 ac
860 1031 978 1101 docili·

51 1150 130 1218 tatis
146 1149 254 1231 daret,
273 1143 493 1231 aparentibus
510 1137 629 1213 studiis
647 1146 843 1230 destinatur,
858 1147 975 1235 idest,

48 1263 207 1353 eiusmodi
228 1263 313 1332 vitae
337 1264 432 1349 tulus
458 1259 602 1328 subsidia
619 1277 772 1347 parantur
797 1259 973 1333 iactitando
1052 1271 1056 1278 '

47 1397 114 1450 arte
129 1381 319 1452 doctrinave
341 1397 380 1447 ex
404 1395 511 1444 earum
533 1389 666 1461 genere,
692 1377 783 1458 quod
800 1376 834 1443 in
852 1381 974 1446 Acade-

45 1499 137 1566 micis
163 1483 288 1564 scholis
308 1494 473 1590 'disciturt
499 1509 598 1560 matre
624 1491 659 1559 in
679 1491 790 1575 primis
819 1493 882 1560 hoc
900 1515 974 1578 pro·

46 1613 144 1680 bante
169 1609 345 1678 ¹consillum
364 1623 396 1674 et
419 1607 593 1689 suadente,
616 1624 654 1672 ut
672 1625 753 1691 puer
773 1606 814 1675 ad
831 1607 974 1675 Theolo-¹

43 1730 132 1815 mam
149 1725 392 1809 institueretur3
415 1735 508 1806 nam,
531 1739 569 1791 ut
587 1721 695 1792 solent
713 1723 880 1806 religiosae
902 1741 975 1790 mu·

43 1846 166 1926 lieres,
189 1843 236 1910 lta
255 1843 380 1912 demum
398 1861 433 1910 se
448 1839 644 1909 fortunatam
666 1839 737 1906 foce
752 1855 880 1906 matrem
897 1859 972 1911 cen*

41 1957 158 2042 rebat,
182 1957 212 2026 si
240 1957 340 2026 fliium
363 1955 536 2040 aliquando
564 1973 658 2022 suum
679 1957 697 2024 e
716 1973 804 2023 saera
825 1957 972 2027 cathedra

43 2075 291 2144 concionantem
312 2073 444 2142 videret.
468 2073 558 2157 Ergo
572 2089 651 2157 puer
665 2091 733 2156 quo
750 2074 851 2158 magis
860 2076 973 2142 citius·

42 2205 101 2272 quc
109 2187 303 2274 proficeret,
317 2188 453 2258 traditur
460 2188 493 2255 ln
505 2187 707 2271 disciplinam
722 2189 971 2257 scholaeSclrla·
1005 2191 1008 2210 '

42 2303 172 2386 vensis,
195 2305 253 2372 cul
270 2319 341 2371 tum
361 2317 502 2389 praeerat
519 2301 757 2384 Knlepholius,
781 2303 838 2388 qui
853 2320 966 2389 postca

41 2415 225 2488 Coslinet'rsi
235 2417 376 2504 praefuit
391 2417 544 2501 icholae,
558 2419 608 2486 vir
622 2437 695 2486 eum
706 2421 835 2488 aliarum
846 2421 970 2489 doctri·

42 2549 146 2602 marum
174 2531 391 2620 probabiliter
408 2539 554 2620 peritus,
574 2551 641 2604 turn
659 2536 792 2604 Latinae
811 2539 969 2607 orationis

41 2649 82 2719 ita
106 2659 301 2739 studiosus,
324 2671 360 2723 ut
383 2673 415 2723 et
442 2677 540 2726 sensu
565 2661 635 2744 ejus
662 2659 780 2724 valeret
805 2673 837 2728 et
861 2675 970 2726 amore

40 2765 199 2855 flagraret,
214 2785 360 2855 eumque
373 2787 501 2838 sensum
522 2787 554 2838 et
573 2787 709 2838 amorem
727 2790 802 2838 eum
823 2772 968 2852 discipu·

42 2877 101 2961 ἥδ,
122 2881 301 2968 inquibus
328 2883 456 2965 quidem
469 2882 649 2948 venustatis
668 2883 819 2965 quaedam
843 2885 968 2951 indoles

42 2991 173 3082 inesset,
194 2997 466 3066 communicaret.
507 2997 580 3064 Hoc
605 3011 674 3064 tum
692 3016 798 3065 amore
815 3000 967 3068 incensus

40 3121 86 3175 est
107 3109 329 3182 Ruhnkenius
352 3132 451 3197 puer:
470 3113 532 3180 hoc
558 3113 586 3178 ci
611 3111 844 3198 dominicium,
861 3135 879 3182 a
899 3133 968 3197 quo

40 3225 77 3292 ad
91 3245 216 3298 omnem
242 3231 425 3298 Literarum
453 3233 668 3300 excellentiam
696 3233 965 3318 proficisceretur.

78 3345 137 3411 Est
161 3347 244 3414 haec
270 3347 470 3433 ingeniorum
494 3362 689 3430 naturaeque
716 3346 795 3429 lex,
818 3363 855 3414 ut
872 3367 967 3417 nemo

40 3453 211 3542 quisquam
232 3459 302 3527 ulla
318 3461 352 3526 in
371 3477 437 3528 arte
458 3461 644 3529 doctrinave
667 3461 819 3528 excellere
836 3463 966 3546 possit,

40 3571 100 3636 nisi
115 3575 177 3642 ‘cul
196 3577 261 3643 tria
287 3575 365 3644 haec
389 3578 520 3661 adsint,
541 3579 688 3661 indoles,
712 3579 875 3662 studium,
897 3580 967 3651 ria.

39 3683 96 3754 Sed
111 3691 286 3776 studium,
309 3707 345 3758 ut
364 3694 537 3778 plurimum
556 3696 661 3780 valet,
686 3694 731 3761 itt
746 3695 892 3779 plurimis
912 3699 967 3765 de·

36 3813 99 3876 eat.
147 3807 239 3878 Nam
268 3809 405 3880 indolem
432 3813 486 3880 dat
509 3827 643 3893 natura,
676 3824 771 3896 auget
796 3812 966 3899 studium,

39 3917 124 3986 acuit
137 3923 214 3996 viat
232 3940 339 4009 neque
352 3923 417 3995 lere
432 3928 604 4012 quisqtaam
619 3942 692 4015 est,
705 3929 759 4016 cut
771 3945 884 4024 matura
900 3945 969 4032 non

916 4039 972 4104 de·
