2572 4710
248 283 322 362 rer
402 275 579 355 ons-cro
601 277 663 352 nn
684 256 1046 372 couprucrrous
1118 273 1123 277 ·

252 469 356 542 Stoici
378 469 530 554 quidem,
551 488 625 538 curn
649 487 707 553 per
726 486 818 538 suurn
835 470 1037 556 disciplinam
1056 475 1178 548 rdltnrn

239 588 295 664 ,td
313 585 501 672 rapinulam
527 603 638 672 putere
660 586 824 670 dicerent,
847 606 943 671 quarn
958 592 987 656 si
1003 593 1077 674 quis
1093 611 1180 662 tenc·

254 719 326 787 ret,
350 704 432 771 idern
451 705 588 785 heatus,
610 701 722 782 dives,
744 702 904 787 pulcher,
927 723 982 772 res
999 723 1103 792 essct;
1125 711 1179 779 his

252 822 413 910 intrudis
436 819 607 905 promissis
633 818 832 924 efficiebant,
863 835 902 888 ut
925 823 966 889 sd
987 842 1046 890 sun
1075 841 1181 892 castrt

254 941 352 1007 multi
368 957 403 1004 se
418 935 616 1006 conferrent.
658 937 812 1022 Epicurei
838 959 878 1008 eo
900 941 988 1024 quod
1002 961 1114 1010 eorum
1133 962 1182 1010 rt·

143 1067 147 1078 '
250 1053 303 1126 tio
329 1052 496 1121 hominurn
524 1049 739 1122 imbecillitati
764 1056 1004 1122 accommodata
1028 1073 1100 1123 esse
1131 1057 1188 1138 vi·¹

251 1172 400 1252 deretur,
412 1183 443 1236 et
461 1169 595 1236 blandae
612 1168 793 1252 voluptatis
814 1169 996 1252 illecebris,
1018 1171 1180 1254 plurimos

250 1287 292 1364 sd
308 1301 343 1354 se
359 1282 555 1352 alliciebant.
600 1281 665 1350 Sed
680 1297 862 1366 praeterea,
887 1288 1097 1366 quantumvis
1114 1285 1178 1354 hoc

250 1399 389 1486 neglecti
418 1399 528 1466 cultus
543 1395 666 1464 'vitium
695 1397 844 1482 utrisque
867 1399 966 1484 objici
987 1417 1088 1482 posse
1109 1419 1178 1470 non

109 1539 115 1562 ¹
248 1516 402 1598 diffiteor,
419 1515 482 1581 hoc
498 1527 604 1582 tamen
620 1514 660 1581 de
674 1508 797 1599 vulgari
816 1528 927 1582 eorum
943 1515 1038 1582 turbu
1054 1493 1178 1614 solunt·

248 1631 349 1702 modo
365 1633 449 1699 velet
460 1648 552 1714 3nrm
563 1630 712 1697 meliores
730 1629 858 1713 quidem
873 1631 952 1698 adeo
967 1647 1036 1698 non
1053 1629 1094 1697 rb
1111 1632 1179 1698 ele-r

247 1748 373 1837 guntiae
387 1746 499 1815 studio
522 1747 637 1814 remoti
662 1745 817 1829 fuerunt,
840 1761 878 1814 ut
894 1747 1010 1830 potius
1031 1763 1071 1812 co
1090 1747 1177 1816 haud

246 1864 451 1934 mediocriter
464 1864 587 1935 exculti
604 1862 778 1945 umorique
794 1877 915 1932 essem.
961 1861 1076 1930 Solum
1094 1862 1178 1929 scri·

245 1978 453 2064 bendigenus
467 1995 577 2044 eorum
587 1994 655 2044 non
672 1989 738 2040 erut
751 1990 818 2043 orte
834 1973 957 2041 factum
969 1989 1048 2056 ,out
1063 1977 1178 2046 leniter

245 2088 617 2174 fluens‚rutlumruiuus
634 2087 878 2172 frequens‚sed
890 2091 1179 2176 simplex,pururn

243 2206 565 2290 costumque,qunh
580 2203 633 2270 vel
648 2203 808 2287 hodieque
823 2201 857 2271 in
873 2203 1061 2289 fragmentis
1070 2207 1179 2284 Zeno·

245 2329 320 2411 nis,
340 2323 542 2410 Chrysippi,
564 2336 596 2390 et
613 2321 749 2406 Epicuri
768 2324 981 2416 conspicitur.
1026 2325 1178 2408 Denique

244 2417 422 2528 supersunt
445 2456 674 2522 monumenta,
692 2460 774 2524 quac
799 2445 930 2524 utrique
955 2442 1090 2509 Scholne
1110 2445 1175 2510 cle·

105 2567 108 2578 '
245 2558 371 2647 guntiae
385 2557 506 2624 laudern
527 2554 743 2623 efficacissime
758 2554 943 2636 vindicent,
965 2555 1088 2624 Stoicis
1114 2555 1173 2624 Se-

244 2696 346 2761 nccs,
360 2675 532 2760 Epicureis
549 2691 623 2757 curn
641 2673 720 2757 alii,
742 2689 812 2743 turn
830 2675 1031 2761 Lucretius,
1054 2677 1175 2746 Lucin-

244 2813 332 2876 nus,
354 2811 391 2860 rc
415 2791 534 2860 Celsus
558 2790 635 2874 ille,
657 2806 772 2861 contro
795 2812 889 2876 quem
907 2793 1041 2878 scripsit
1059 2795 1178 2881 Orige-

244 2927 318 2980 nes.
361 2909 424 2977 Sed
439 2925 506 2978 non
525 2921 574 2976 est
591 2905 763 2990 profecto,
787 2912 877 2994 quod
901 2911 1048 2980 horridae
1071 2913 1177 2997 hispi-

243 3028 367 3111 doequc
386 3023 615 3106 Philosophiae
639 3027 780 3109 exemplo
807 3026 840 3092 in
864 3039 1006 3092 veterum
1033 3029 1177 3093 nonnul·

242 3147 287 3214 iis
304 3143 487 3226 culpemus.
532 3139 628 3210 Heul
652 3157 764 3208 nostra
779 3155 879 3208 aetate
904 3159 1000 3223 quarn
1017 3156 1096 3208 sunt
1113 3141 1176 3208 ob·

243 3262 316 3340 vir,
333 3277 428 3340 quum
444 3257 612 3324 incurrunt
623 3254 658 3322 in
671 3255 809 3324 oculos!
828 3271 939 3326 nostru
957 3267 1079 3336 rente,
1090 3272 1177 3339 quoe

242 3373 439 3444 ferocissima
456 3369 522 3437 fuit
543 3387 652 3436 eorum
673 3371 863 3454 hominurn,
886 3372 999 3455 quise
1020 3369 1178 3440 Philoso-

242 3493 330 3580 phos
346 3488 507 3569 dicerent,
524 3501 579 3568 et,
604 3501 756 3568 tanqurrn
775 3486 949 3571 sapientire
974 3488 1176 3573 involucro,

243 3601 422 3671 disserendi
454 3599 599 3666 herberie
622 3613 720 3684 utque
745 3599 944 3668 obscuritate
965 3619 1000 3668 se
1025 3602 1176 3670 involve·

229 3731 325 3784 rent.
368 3715 432 3782 Sed
459 3714 495 3780 hi
526 3714 655 3796 quidem
682 3733 758 3780 cunr
781 3715 979 3798 aliqurmdiu
1002 3717 1175 3788 hominum

240 3829 351 3903 studit
378 3831 580 3914 tenuissent,
601 3847 713 3898 eorum
739 3830 887 3917 scilicet,
911 3835 1075 3934 quiquid
1099 3837 1177 3918 pul·

1054 3953 1173 4024 chruru
