2506 4712
283 266 421 346 vlun
448 271 495 344 D.
527 269 861 346 nutriremur.
975 291 1045 376 m

112 471 150 534 et
168 483 229 552 ego
249 481 368 530 nornen
391 459 547 546 profiteor
563 467 692 542 meum,
714 476 747 528 et
765 478 891 544 semper
911 463 1042 548 profite-

110 585 189 652 bor.
231 580 367 646 Nullius
384 580 492 662 enim,
515 593 683 660 quotquot
703 577 834 645 fuerunt
859 577 1039 654 Literarum

110 695 304 780 principes,
336 695 458 774 scripta
483 693 516 760 in
543 693 718 778 legentium
743 694 870 760 animos
900 694 1041 770 influunt

108 823 202 876 tanta
219 825 293 874 curu
309 807 468 876 orationis
483 807 665 894 suavitate,
679 821 768 874 tanta
783 825 857 874 cum
874 809 1038 882 docuisse

107 922 184 988 luce
206 920 481 1004 repraestatis,
504 935 595 988 tantu
613 939 688 987 eum
710 920 816 1004 pulcri
844 920 1040 1004 honestique

68 1093 77 1108 .
105 1057 221 1108 sensu.
265 1036 383 1122 Neque
399 1054 476 1106 vero
488 1039 603 1105 'minus
619 1037 767 1120 privatin
791 1037 923 1108 ultoa'
930 1038 1040 1124 juvit,

103 1157 177 1224 sive
199 1170 382 1240 praesentes
403 1172 573 1236 sumone,
601 1156 674 1222 sive
699 1153 847 1222 absentes
873 1153 1037 1237 epistolis·

103 1271 145 1339 In
168 1271 242 1353 his,
266 1285 305 1336 ut
323 1271 467 1336 omittam
485 1283 668 1352 nostrates,
689 1268 895 1352 Athenium,
914 1268 1041 1338 Pierso·

105 1404 211 1468 num,
234 1385 462 1469 Lennepiuur,
492 1385 676 1466 Koeuiuur,
706 1380 898 1463 Effluet,
930 1383 1036 1468 aliosr

103 1511 288 1566 exterorum
305 1515 399 1565 nemo
415 1497 482 1568 fuit
499 1498 606 1580 ipsius
621 1509 722 1564 aetate
743 1496 850 1566 clarus
867 1497 901 1564 iu
918 1495 1038 1572 Literis

101 1615 180 1695 vir,
203 1615 256 1681 cui
273 1617 410 1683 nonve!
427 1614 601 1683 consitium
627 1613 667 1680 de
690 1611 872 1683 studiorum
888 1611 940 1680 via
961 1631 1039 1696 opes

102 1733 193 1801 risve
209 1731 346 1817 alicujus
363 1729 552 1802 instituendi
568 1725 815 1811 perficiendique
826 1727 969 1809 ratione,
986 1729 1037 1797 vel

101 1849 246 1933 aliquam
272 1843 559 1913 animadversionis
584 1843 709 1924 neem,
733 1843 784 1908 vel
810 1841 944 1926 aliquod
967 1844 1034 1910 edis·

96 1968 203 2036 tionis
225 1959 472 2033 additamentum
504 1963 775 2034 intreuurtusrve
802 1963 1025 2046 impertireris.

99 2085 203 2172 Quod
225 2083 335 2150 necui
356 2081 464 2163 forte,
488 2097 598 2148 eorum
618 2078 809 2146 numinibus
838 2083 1029 2164 retinendis,

96 2212 216 2266 temere
229 2211 261 2264 et
278 2197 409 2262 uberius
424 2213 519 2278 quarn
535 2213 598 2278 pto
615 2193 817 2290 reifveritate
840 2196 970 2266 dixisse·
982 2196 1030 2262 vi-

47 2309 53 2322 '
96 2315 251 2395 dearum,
269 2312 403 2380 suerunt
415 2331 452 2378 ex
471 2313 585 2379 horum
603 2303 1031 2395 numero,Gesnerus,Et·

96 2447 237 2512 nestus,
255 2429 403 2513 Heynius
414 2477 427 2512 ,
438 2428 681 2514 Heusingerus,
693 2427 925 2532 Musgrtaius,
936 2429 1031 2504 Teu·

91 2538 200 2634 pius,
215 2545 391 2628 Herelius,
417 2547 645 2630 Villoisunus,
661 2547 896 2638 Hottiugerus‚
908 2549 1030 2618 Brunc-

95 2661 1030 2746 kius‚8chweighaeuserusMatthaeus,Vossius,Ms-

93 2776 229 2855 rellius,
253 2773 420 2855 Rossius,
437 2773 642 2858 Burgessus,
662 2774 854 2856 Personus,
869 2778 1028 2848 Edward·

95 2887 190 2970 sius,
213 2887 378 2970 Wolfius,
403 2887 631 2971 Spalding-ius:
654 2885 733 2968 au'i,
758 2906 844 2971 quos
862 2892 1028 2970 nominare

99 3021 213 3072 omnes
224 3003 390 3072 infinitum
407 3004 463 3072 sit.
486 3002 558 3070 Nee
575 3004 746 3088 quisquan
764 3003 830 3074 fuit
845 3009 1029 3080 enottrati-

98 3121 163 3188 bus
174 3119 358 3188 Literatum
374 3120 524 3204 princeps
538 3118 614 3200 ‚eui
631 3132 692 3186 tarn
711 3119 862 3206 frequens
878 3140 952 3192 eum
972 3143 1028 3194 ex.

94 3237 174 3304 teris
192 3237 326 3303 eruditIs
352 3235 562 3322 epistolarum
587 3241 791 3308 cousuetudo
806 3240 1025 3322 interuederet,

96 3351 230 3434 Nemo,
244 3350 296 3416 vel
312 3351 458 3427 ,doctrina
477 3352 629 3436 cognitus
647 3353 784 3434 vir,ve1
800 3357 933 3440 ignotus
950 3355 1027 3423 ado.

97 3461 248 3560 leseens,
270 3465 310 3531 de
334 3481 404 3550 quo
424 3465 505 3532 bene
532 3483 763 3550 auguraretur,
786 3487 857 3538 eum
885 3487 942 3553 per
958 3473 1028 3554 epis

100 3583 202 3650 stolas
229 3581 310 3664 quid
327 3581 481 3666 rogavit,
505 3581 559 3648 cui
585 3601 651 3650 uon
676 3585 811 3672 benigne
832 3588 1028 3654 humaniter·

99 3717 165 3782 que
180 3700 232 3762 vel
249 3699 473 3780 responderet,
496 3701 546 3766 vel
563 3699 772 3770 satisfaceret.
816 3703 959 3775 Fuerunt
971 3725 1026 3774 ve·

95 3837 135 3886 ιο
153 3819 247 3894 etiarn
258 3865 271 3904 ,
294 3817 416 3912 quibus
433 3806 609 3903 nunquam
632 3823 859 3912 responderet,
872 3829 1026 3912 quanvis

521 3935 655 4030 ΛΜ
955 3957 1024 4020 aas·
