2470 4724
222 305 358 379 vtro
382 303 428 376 D.
456 305 797 380 RUHN'KENII.
915 315 994 405 ³⁸5.

54 503 131 580 lars,
164 508 203 564 nt
224 509 281 562 aut
304 493 375 562 otio
398 511 434 560 se
457 507 512 562 ant
544 509 662 562 somno
688 495 816 561 relicere
840 497 980 568 deberet.

56 612 172 680 Otium
193 610 349 709 referebat
372 628 440 681 non
468 611 508 676 ad
530 609 667 676 aliorum
691 612 861 682 lectionem
881 615 980 682 libro-

55 746 128 794 rutn
155 727 344 794 recentioris
371 725 494 812 generis
528 725 731 809 saeculique:
761 744 834 794 nam
866 733 981 799 oculor

54 858 261 928 mentemque
277 859 334 928 per
350 843 441 910 illum
464 859 582 910 annum
600 842 682 910 solis
700 843 847 928 antiquis
866 862 983 912 conse·
1103 885 1108 898 ‹
1155 827 1158 849 '

52 974 200 1028 tmucrat
231 958 420 1029 codicibust
452 961 510 1026 sed
535 959 577 1027 ad
602 959 764 1027 liberalem
792 959 983 1028 oblectatio·

53 1094 155 1161 nem,
183 1058 400 1161 cognitionem
435 1075 550 1157 urbis,
589 1073 780 1157 hominum,
812 1093 986 1158 rerumque

53 1193 325 1262 memorabilium.
355 1191 493 1264 Memini
505 1209 577 1259 eum
594 1191 734 1260 subinde
748 1192 781 1260 in
799 1192 888 1260 illias
904 1207 985 1260 tem·

53 1307 147 1392 potia
179 1307 365 1376 memoriam
398 1307 519 1388 rmire,
550 1325 586 1374 ac
613 1305 750 1374 libenter
780 1308 986 1390 suaviterque

53 1419 94 1486 de
122 1437 161 1487 eo
186 1438 312 1486 meeum
340 1418 566 1502 confabulari,
596 1437 670 1487 cum
705 1437 756 1486 me
780 1419 820 1488 ad
845 1421 986 1488 eamdem
1090 1471 1095 1488 .

54 1550 187 1618 operam
213 1531 567 1618 peregrinationemque
587 1529 764 1600 faciendum
789 1533 984 1600 hortaretur.

52 1650 207 1732 Nullus,
219 1651 346 1736 ajebat,
361 1651 394 1718 in
414 1663 486 1718 toto
504 1662 659 1716 terrarum
680 1649 758 1716 orbe
773 1649 890 1730 locun,
906 1648 985 1714 item

54 1785 98 1838 ut
130 1767 282 1848 Lutetia,
312 1785 387 1833 cum
419 1765 562 1834 abundat
587 1764 676 1832 omni
700 1763 844 1832 omnium
866 1761 987 1832 artium

54 1883 344 1968 doctrinarumque
368 1883 496 1950 materia
521 1897 552 1948 et
572 1883 820 1967 suppellectile,
843 1895 914 1950 tum
932 1877 987 1950 ad·

49 2001 134 2071 doit
150 2001 240 2068 omni
254 1999 359 2066 omnis
376 1999 501 2082 generis
515 1999 721 2081 voluptatum
739 1997 986 2081 deliciarumque

51 2118 292 2188 instrumento.
344 2113 398 2182 Ne
425 2115 530 2182 dicam
558 2115 598 2182 de
618 2111 803 2200 ingentibus
823 2111 985 2181 aedilicio·

50 2248 130 2300 rum
164 2228 348 2314 operibus,
388 2227 560 2310 basilicis,
595 2225 747 2310 templis,
782 2225 983 2312 gymnasiis,
1121 2245 1124 2250 ·

51 2345 265 2436 porticibus,
288 2343 446 2423 theatris,
476 2342 776 2424 ambulationibus,
804 2343 899 2424 allis,
929 2359 984 2410 eo·

50 2479 196 2546 rumque
219 2474 251 2529 et
276 2458 512 2546 magnificentia
537 2475 569 2528 et
599 2459 823 2528 multitudines
848 2459 988 2528 conlinit

52 2582 87 2650 ln
117 2599 186 2648 eam
217 2577 327 2645 urbem
355 2576 516 2660 quidquid
539 2591 572 2643 et
597 2591 664 2644 arte
690 2577 771 2644 ellici
800 2593 832 2644 et
854 2576 985 2659 ingenio
1100 2596 1104 2605 ¹

53 2693 236 2780 excogitari
270 2705 409 2778 potest,
436 2710 514 2758 cum
548 2691 590 2760 ad
617 2692 816 2759 deliniendos
849 2689 991 2772 oculos,

52 2825 129 2880 tum
153 2810 193 2877 ad
218 2806 425 2878 oblectandas
443 2823 560 2886 aures,
582 2819 652 2872 tunt
680 2807 721 2871 ad
745 2804 891 2885 reliquos
916 2820 991 2870 sen·

58 2947 123 2998 sus
137 2927 315 2994 titillandos
344 2943 382 2991 ac
406 2923 611 2991 mulcendos.
653 2919 757 3005 lqitur
777 2932 808 2985 et
825 2917 990 2985 doctrinae

60 3047 234 3117 studiosus
261 3043 376 3125 habet,
405 3059 473 3124 qno
496 3039 688 3119 descendet,
718 3034 875 3120 placando
896 3033 990 3119 genio

57 3161 233 3230 honestum
253 3139 500 3228 divudculumt
517 3166 550 3222 et
568 3151 772 3236 voluptarius
787 3151 904 3234 habet,
924 3169 990 3232 quo

58 3277 133 3348 sed
153 3273 321 3348 sirenibus
333 3274 373 3341 ad
392 3273 508 3340 Musas
531 3271 680 3352 attollat,
703 3283 927 3352 opportunum
935 3283 989 3334 re

58 3391 288 3476 ceptaenlumt
312 3387 520 3476 cerniturque
540 3372 623 3454 illud
647 3386 682 3454 in
709 3401 835 3454 morum
859 3381 992 3452 duerni-

58 3519 127 3576 tate
153 3517 456 3589 temperamentum,
487 3516 524 3568 ut
549 3519 609 3569 nec
633 3501 799 3570 doctrinae
822 3499 992 3570 studiosus
1039 3535 1044 3544 ·

44 3621 166 3708 rigida
181 3620 366 3690 austeritate
388 3619 537 3703 horreat,
559 3619 617 3688 secl
632 3619 746 3686 habeat
762 3619 900 3701 aliquem
917 3637 995 3688 aua·

61 3739 175 3806 vitatis
195 3755 229 3808 et
253 3737 417 3808 comitatis
443 3737 604 3806 nitorema
629 3754 688 3804 nec
717 3735 921 3820 voluptarius
947 3754 998 3806 re·

65 3854 170 3926 doleat
193 3857 279 3927 vitae
306 3873 384 3928 suae
408 3853 536 3943 labem,
558 3855 616 3922 sed
641 3867 729 3938 gerat
753 3853 892 3942 aliquem
912 3849 999 4030 haffd

127 3995 132 4006 ·
553 3967 617 4062 09
644 3986 666 4055 s
956 3961 1001 4034 'c-
