<?xml version="1.0" encoding="UTF-8"?>
<!DOCTYPE html PUBLIC "-//W3C//DTD XHTML 1.0 Transitional//EN"
    "http://www.w3.org/TR/xhtml1/DTD/xhtml1-transitional.dtd">
<html xmlns="http://www.w3.org/1999/xhtml" xml:lang="en" lang="en">
 <head>
  <title>
</title>
<meta http-equiv="Content-Type" content="text/html;charset=utf-8" />
  <meta name='ocr-system' content='tesseract 3.04.00' />
  <meta name='ocr-capabilities' content='ocr_page ocr_carea ocr_par ocr_line ocrx_word'/>
</head>
<body>
  <div class='ocr_page' id='page_1' title='image "./opusculavariiar01wyttgoog_0418.png"; bbox 0 0 2438 4718; ppageno 0'>
   <div class='ocr_carea' id='block_1_1' title="bbox 134 315 955 420">
    <p class='ocr_par' dir='ltr' id='par_1_1' title="bbox 134 315 955 420">
     <span class='ocr_line' id='line_1_1' title="bbox 134 315 955 420; baseline 0.002 -25"><span class='ocrx_word' id='word_1_1' title='bbox 134 320 400 398; x_wconf 77' lang='lat' dir='ltr'>eturuucur</span> <span class='ocrx_word' id='word_1_2' title='bbox 419 315 688 390; x_wconf 73' lang='lat' dir='ltr'>uetuerunt.</span> <span class='ocrx_word' id='word_1_3' title='bbox 707 327 798 410; x_wconf 77' lang='lat' dir='ltr'>¹vot·</span> <span class='ocrx_word' id='word_1_4' title='bbox 808 337 836 401; x_wconf 86' lang='lat'>1.</span> <span class='ocrx_word' id='word_1_5' title='bbox 887 351 955 420; x_wconf 49' lang='grc' dir='ltr'>με</span> 
     </span>
    </p>
   </div>
   <div class='ocr_carea' id='block_1_2' title="bbox 22 503 953 713">
    <p class='ocr_par' dir='ltr' id='par_1_2' title="bbox 22 503 953 713">
     <span class='ocr_line' id='line_1_2' title="bbox 22 503 950 592; baseline -0.011 0"><span class='ocrx_word' id='word_1_6' title='bbox 22 512 136 592; x_wconf 71' lang='lat' dir='ltr'>eodem</span> <span class='ocrx_word' id='word_1_7' title='bbox 155 508 316 587; x_wconf 85' lang='lat' dir='ltr'>Platone,</span> <span class='ocrx_word' id='word_1_8' title='bbox 338 505 443 574; x_wconf 85' lang='lat' dir='ltr'>eadem</span> <span class='ocrx_word' id='word_1_9' title='bbox 462 503 699 590; x_wconf 80' lang='lat' dir='ltr'>probabilitate.</span> <span class='ocrx_word' id='word_1_10' title='bbox 745 513 837 582; x_wconf 80' lang='lat' dir='ltr'>Alter</span> <span class='ocrx_word' id='word_1_11' title='bbox 851 533 898 582; x_wconf 88' lang='lat' dir='ltr'>est</span> <span class='ocrx_word' id='word_1_12' title='bbox 914 519 950 586; x_wconf 88' lang='lat' dir='ltr'>in</span> 
     </span>
     <span class='ocr_line' id='line_1_3' title="bbox 24 619 953 713; baseline -0.034 -15"><span class='ocrx_word' id='word_1_13' title='bbox 24 627 110 698; x_wconf 78' lang='lat' dir='ltr'>libro</span> <span class='ocrx_word' id='word_1_14' title='bbox 143 622 198 690; x_wconf 80' lang='lat' dir='ltr'>De</span> <span class='ocrx_word' id='word_1_15' title='bbox 224 619 429 690; x_wconf 81' lang='lat' dir='ltr'>Educatinne</span> <span class='ocrx_word' id='word_1_16' title='bbox 450 619 652 706; x_wconf 80' lang='lat' dir='ltr'>Puerorum,</span> <span class='ocrx_word' id='word_1_17' title='bbox 684 645 719 710; x_wconf 77' lang='lat' dir='ltr'>p,</span> <span class='ocrx_word' id='word_1_18' title='bbox 739 647 784 711; x_wconf 66' lang='lat'>4,</span> <span class='ocrx_word' id='word_1_19' title='bbox 816 632 867 713; x_wconf 60' lang='lat' dir='ltr'>D,</span> <span class='ocrx_word' id='word_1_20' title='bbox 899 634 953 700; x_wconf 64' lang='lat' dir='ltr'>ubi</span> 
     </span>
    </p>
   </div>
   <div class='ocr_carea' id='block_1_3' title="bbox 11 741 959 1646">
    <p class='ocr_par' dir='ltr' id='par_1_3' title="bbox 11 741 959 1646">
     <span class='ocr_line' id='line_1_4' title="bbox 24 741 956 828; baseline 0.013 -22"><span class='ocrx_word' id='word_1_21' title='bbox 24 748 175 824; x_wconf 49' lang='lat' dir='ltr'>gom,</span> <span class='ocrx_word' id='word_1_22' title='bbox 200 743 356 828; x_wconf 63' lang='lat' dir='ltr'>rupem</span> <span class='ocrx_word' id='word_1_23' title='bbox 380 741 494 808; x_wconf 79' lang='lat' dir='ltr'>falsum</span> <span class='ocrx_word' id='word_1_24' title='bbox 520 757 587 823; x_wconf 83' lang='lat' dir='ltr'>est,</span> <span class='ocrx_word' id='word_1_25' title='bbox 612 757 643 810; x_wconf 91' lang='lat' dir='ltr'>et</span> <span class='ocrx_word' id='word_1_26' title='bbox 669 763 779 814; x_wconf 86' lang='lat' dir='ltr'>uerum</span> <span class='ocrx_word' id='word_1_27' title='bbox 808 753 956 828; x_wconf 66' lang='lat' dir='ltr'>cautuae</span> 
     </span>
     <span class='ocr_line' id='line_1_5' title="bbox 26 857 959 950; baseline 0.006 -24"><span class='ocrx_word' id='word_1_28' title='bbox 26 867 223 950; x_wconf 59' lang='grc' dir='ltr'><strong><em>Σωκράτης,</em></strong></span> <span class='ocrx_word' id='word_1_29' title='bbox 245 876 281 927; x_wconf 90' lang='lat' dir='ltr'>ut</span> <span class='ocrx_word' id='word_1_30' title='bbox 303 857 472 926; x_wconf 80' lang='lat' dir='ltr'>manifesto</span> <span class='ocrx_word' id='word_1_31' title='bbox 487 875 618 944; x_wconf 89' lang='lat' dir='ltr'>apparet</span> <span class='ocrx_word' id='word_1_32' title='bbox 641 879 658 928; x_wconf 89' lang='lat' dir='ltr'>e</span> <span class='ocrx_word' id='word_1_33' title='bbox 680 862 812 932; x_wconf 86' lang='lat' dir='ltr'>Platone</span> <span class='ocrx_word' id='word_1_34' title='bbox 829 865 864 932; x_wconf 90' lang='lat' dir='ltr'>in</span> <span class='ocrx_word' id='word_1_35' title='bbox 888 867 959 933; x_wconf 89' lang='lat' dir='ltr'><strong>Cli·</strong></span> 
     </span>
     <span class='ocr_line' id='line_1_6' title="bbox 24 975 957 1066; baseline 0.004 -18"><span class='ocrx_word' id='word_1_36' title='bbox 24 980 214 1066; x_wconf 87' lang='lat' dir='ltr'>tophonte,</span> <span class='ocrx_word' id='word_1_37' title='bbox 231 995 268 1060; x_wconf 91' lang='lat' dir='ltr'>p.</span> <span class='ocrx_word' id='word_1_38' title='bbox 289 990 373 1058; x_wconf 76' lang='lat'>255,</span> <span class='ocrx_word' id='word_1_39' title='bbox 394 975 437 1043; x_wconf 89' lang='lat' dir='ltr'>D.</span> <span class='ocrx_word' id='word_1_40' title='bbox 482 977 576 1042; x_wconf 83' lang='lat' dir='ltr'>Alter</span> <span class='ocrx_word' id='word_1_41' title='bbox 590 991 640 1044; x_wconf 87' lang='lat' dir='ltr'>est</span> <span class='ocrx_word' id='word_1_42' title='bbox 656 979 689 1046; x_wconf 89' lang='lat' dir='ltr'>in</span> <span class='ocrx_word' id='word_1_43' title='bbox 704 978 957 1066; x_wconf 49' lang='lat' dir='ltr'>&amp;auctionibus</span> 
     </span>
     <span class='ocr_line' id='line_1_7' title="bbox 17 1095 955 1182; baseline 0.002 -12"><span class='ocrx_word' id='word_1_44' title='bbox 17 1101 230 1182; x_wconf 71' lang='lat' dir='ltr'>Platordar&#39;s,</span> <span class='ocrx_word' id='word_1_45' title='bbox 254 1117 411 1181; x_wconf 81' lang='lat' dir='ltr'>p.1001,</span> <span class='ocrx_word' id='word_1_46' title='bbox 435 1098 489 1178; x_wconf 76' lang='lat' dir='ltr'>A,</span> <span class='ocrx_word' id='word_1_47' title='bbox 512 1095 571 1162; x_wconf 88' lang='lat' dir='ltr'>ubi</span> <span class='ocrx_word' id='word_1_48' title='bbox 589 1101 776 1168; x_wconf 86' lang='lat' dir='ltr'>mendosum</span> <span class='ocrx_word' id='word_1_49' title='bbox 795 1119 898 1171; x_wconf 86' lang='lat' dir='ltr'>exstat</span> <span class='ocrx_word' id='word_1_50' title='bbox 919 1106 955 1172; x_wconf 90' lang='lat' dir='ltr'>in</span> 
     </span>
     <span class='ocr_line' id='line_1_8' title="bbox 14 1212 954 1294; baseline 0.003 -10"><span class='ocrx_word' id='word_1_51' title='bbox 14 1215 184 1284; x_wconf 82' lang='lat' dir='ltr'>omnibus</span> <span class='ocrx_word' id='word_1_52' title='bbox 205 1212 296 1287; x_wconf 83' lang='lat' dir='ltr'>libris</span> <span class='ocrx_word' id='word_1_53' title='bbox 325 1215 564 1294; x_wconf 64' lang='lat' dir='ltr'>Kerameios,</span> <span class='ocrx_word' id='word_1_54' title='bbox 586 1215 662 1280; x_wconf 90' lang='lat' dir='ltr'>loco</span> <span class='ocrx_word' id='word_1_55' title='bbox 688 1233 781 1282; x_wconf 86' lang='lat' dir='ltr'>verae</span> <span class='ocrx_word' id='word_1_56' title='bbox 803 1217 954 1287; x_wconf 83' lang='lat' dir='ltr'>lectionis</span> 
     </span>
     <span class='ocr_line' id='line_1_9' title="bbox 11 1330 954 1418; baseline 0 -10"><span class='ocrx_word' id='word_1_57' title='bbox 11 1333 242 1412; x_wconf 60' lang='lat' dir='ltr'>amiran,</span> <span class='ocrx_word' id='word_1_58' title='bbox 267 1346 306 1397; x_wconf 90' lang='lat' dir='ltr'>ut</span> <span class='ocrx_word' id='word_1_59' title='bbox 331 1330 408 1398; x_wconf 86' lang='lat' dir='ltr'>item</span> <span class='ocrx_word' id='word_1_60' title='bbox 439 1330 613 1401; x_wconf 81' lang='lat' dir='ltr'>manifesto</span> <span class='ocrx_word' id='word_1_61' title='bbox 637 1348 771 1418; x_wconf 88' lang='lat' dir='ltr'>apparet</span> <span class='ocrx_word' id='word_1_62' title='bbox 789 1354 807 1400; x_wconf 91' lang='lat' dir='ltr'>e</span> <span class='ocrx_word' id='word_1_63' title='bbox 822 1336 954 1408; x_wconf 85' lang='lat' dir='ltr'>Platone</span> 
     </span>
     <span class='ocr_line' id='line_1_10' title="bbox 13 1445 959 1534; baseline 0.002 -20"><span class='ocrx_word' id='word_1_64' title='bbox 13 1449 56 1519; x_wconf 88' lang='lat' dir='ltr'>in</span> <span class='ocrx_word' id='word_1_65' title='bbox 75 1447 246 1528; x_wconf 86' lang='lat' dir='ltr'>Phaedro,</span> <span class='ocrx_word' id='word_1_66' title='bbox 268 1466 305 1530; x_wconf 89' lang='lat' dir='ltr'>p.</span> <span class='ocrx_word' id='word_1_67' title='bbox 323 1463 407 1532; x_wconf 76' lang='lat' dir='ltr'>pso,</span> <span class='ocrx_word' id='word_1_68' title='bbox 430 1445 475 1516; x_wconf 91' lang='lat' dir='ltr'>G.</span> <span class='ocrx_word' id='word_1_69' title='bbox 521 1448 570 1514; x_wconf 80' lang='lat' dir='ltr'>At</span> <span class='ocrx_word' id='word_1_70' title='bbox 589 1448 651 1514; x_wconf 88' lang='lat' dir='ltr'>hoc</span> <span class='ocrx_word' id='word_1_71' title='bbox 672 1451 746 1518; x_wconf 90' lang='lat' dir='ltr'>loco</span> <span class='ocrx_word' id='word_1_72' title='bbox 762 1451 866 1534; x_wconf 81' lang='lat' dir='ltr'>recepi</span> <span class='ocrx_word' id='word_1_73' title='bbox 885 1469 959 1516; x_wconf 89' lang='lat' dir='ltr'>cot·</span> 
     </span>
     <span class='ocr_line' id='line_1_11' title="bbox 15 1561 958 1646; baseline 0 -16"><span class='ocrx_word' id='word_1_74' title='bbox 15 1563 227 1644; x_wconf 82' lang='lat' dir='ltr'>rectionem,</span> <span class='ocrx_word' id='word_1_75' title='bbox 250 1561 308 1628; x_wconf 81' lang='lat' dir='ltr'>illo</span> <span class='ocrx_word' id='word_1_76' title='bbox 336 1581 402 1630; x_wconf 90' lang='lat' dir='ltr'>non</span> <span class='ocrx_word' id='word_1_77' title='bbox 426 1563 515 1630; x_wconf 87' lang='lat' dir='ltr'>item.</span> <span class='ocrx_word' id='word_1_78' title='bbox 569 1561 695 1646; x_wconf 80' lang='lat' dir='ltr'>Nempe</span> <span class='ocrx_word' id='word_1_79' title='bbox 721 1565 756 1630; x_wconf 91' lang='lat' dir='ltr'>in</span> <span class='ocrx_word' id='word_1_80' title='bbox 776 1564 958 1630; x_wconf 79' lang='lat' dir='ltr'><em>Platonicis</em></span> 
     </span>
    </p>
   </div>
   <div class='ocr_carea' id='block_1_4' title="bbox 18 1686 974 3866">
    <p class='ocr_par' dir='ltr' id='par_1_4' title="bbox 18 1686 974 3866">
     <span class='ocr_line' id='line_1_12' title="bbox 18 1686 961 1775; baseline -0.004 -19"><span class='ocrx_word' id='word_1_81' title='bbox 18 1687 303 1775; x_wconf 59' lang='lat' dir='ltr'>Quaestionum,</span> <span class='ocrx_word' id='word_1_82' title='bbox 327 1686 385 1770; x_wconf 90' lang='lat' dir='ltr'>qui</span> <span class='ocrx_word' id='word_1_83' title='bbox 408 1701 457 1754; x_wconf 88' lang='lat' dir='ltr'>est</span> <span class='ocrx_word' id='word_1_84' title='bbox 483 1705 650 1772; x_wconf 84' lang='lat' dir='ltr'>germanus</span> <span class='ocrx_word' id='word_1_85' title='bbox 674 1687 837 1754; x_wconf 79' lang='lat' dir='ltr'><strong>Plutarchi</strong></span> <span class='ocrx_word' id='word_1_86' title='bbox 858 1688 961 1772; x_wconf 88' lang='lat' dir='ltr'>liber,</span> 
     </span>
     <span class='ocr_line' id='line_1_13' title="bbox 19 1801 964 1884; baseline 0.003 -15"><span class='ocrx_word' id='word_1_87' title='bbox 19 1820 94 1870; x_wconf 89' lang='lat' dir='ltr'>non</span> <span class='ocrx_word' id='word_1_88' title='bbox 118 1815 187 1868; x_wconf 87' lang='lat' dir='ltr'>erat</span> <span class='ocrx_word' id='word_1_89' title='bbox 213 1801 372 1882; x_wconf 84' lang='lat' dir='ltr'>dubium,</span> <span class='ocrx_word' id='word_1_90' title='bbox 396 1801 478 1884; x_wconf 88' lang='lat' dir='ltr'>quin</span> <span class='ocrx_word' id='word_1_91' title='bbox 501 1803 649 1884; x_wconf 85' lang='lat' dir='ltr'>Auctor,</span> <span class='ocrx_word' id='word_1_92' title='bbox 673 1805 772 1870; x_wconf 87' lang='lat' dir='ltr'>homo</span> <span class='ocrx_word' id='word_1_93' title='bbox 789 1803 907 1872; x_wconf 86' lang='lat' dir='ltr'>doctus</span> <span class='ocrx_word' id='word_1_94' title='bbox 929 1817 964 1872; x_wconf 86' lang='lat' dir='ltr'>et</span> 
     </span>
     <span class='ocr_line' id='line_1_14' title="bbox 21 1919 965 2008; baseline 0 -20"><span class='ocrx_word' id='word_1_95' title='bbox 21 1923 200 2008; x_wconf 84' lang='lat' dir='ltr'>prudens,</span> <span class='ocrx_word' id='word_1_96' title='bbox 223 1921 269 1986; x_wconf 90' lang='lat' dir='ltr'>ita</span> <span class='ocrx_word' id='word_1_97' title='bbox 299 1920 507 2005; x_wconf 80' lang='lat' dir='ltr'>scripsissett</span> <span class='ocrx_word' id='word_1_98' title='bbox 528 1933 563 1988; x_wconf 90' lang='lat' dir='ltr'>at</span> <span class='ocrx_word' id='word_1_99' title='bbox 588 1921 622 1988; x_wconf 89' lang='lat' dir='ltr'>in</span> <span class='ocrx_word' id='word_1_100' title='bbox 644 1922 729 1988; x_wconf 85' lang='lat' dir='ltr'>libro</span> <span class='ocrx_word' id='word_1_101' title='bbox 754 1919 808 1986; x_wconf 81' lang='lat' dir='ltr'>De</span> <span class='ocrx_word' id='word_1_102' title='bbox 834 1919 965 1988; x_wconf 80' lang='lat' dir='ltr'>Educa-</span> 
     </span>
     <span class='ocr_line' id='line_1_15' title="bbox 21 2033 963 2118; baseline -0.004 -14"><span class='ocrx_word' id='word_1_103' title='bbox 21 2041 119 2104; x_wconf 79' lang='lat' dir='ltr'>tione</span> <span class='ocrx_word' id='word_1_104' title='bbox 134 2038 343 2115; x_wconf 82' lang='lat' dir='ltr'>Puerorum,</span> <span class='ocrx_word' id='word_1_105' title='bbox 363 2033 421 2118; x_wconf 91' lang='lat' dir='ltr'>qui</span> <span class='ocrx_word' id='word_1_106' title='bbox 438 2049 487 2100; x_wconf 89' lang='lat' dir='ltr'>est</span> <span class='ocrx_word' id='word_1_107' title='bbox 504 2036 637 2118; x_wconf 87' lang='lat' dir='ltr'>spurius</span> <span class='ocrx_word' id='word_1_108' title='bbox 653 2051 685 2102; x_wconf 90' lang='lat' dir='ltr'>et</span> <span class='ocrx_word' id='word_1_109' title='bbox 705 2053 867 2118; x_wconf 81' lang='lat' dir='ltr'>perperam</span> <span class='ocrx_word' id='word_1_110' title='bbox 885 2033 963 2100; x_wconf 86' lang='lat' dir='ltr'>Plu·</span> 
     </span>
     <span class='ocr_line' id='line_1_16' title="bbox 21 2148 963 2234; baseline 0 -12"><span class='ocrx_word' id='word_1_111' title='bbox 21 2150 140 2222; x_wconf 78' lang='lat' dir='ltr'>tnrchi</span> <span class='ocrx_word' id='word_1_112' title='bbox 157 2148 292 2218; x_wconf 84' lang='lat' dir='ltr'>nomine</span> <span class='ocrx_word' id='word_1_113' title='bbox 312 2149 512 2233; x_wconf 88' lang='lat' dir='ltr'>inscriptus,</span> <span class='ocrx_word' id='word_1_114' title='bbox 534 2151 632 2232; x_wconf 89' lang='lat' dir='ltr'>cujus</span> <span class='ocrx_word' id='word_1_115' title='bbox 649 2151 794 2231; x_wconf 79' lang='lat' dir='ltr'>Auctor,</span> <span class='ocrx_word' id='word_1_116' title='bbox 812 2150 963 2234; x_wconf 90' lang='lat' dir='ltr'>quisquis</span> 
     </span>
     <span class='ocr_line' id='line_1_17' title="bbox 22 2251 961 2354; baseline -0.002 -16"><span class='ocrx_word' id='word_1_117' title='bbox 22 2272 93 2338; x_wconf 79' lang='lat' dir='ltr'>iile</span> <span class='ocrx_word' id='word_1_118' title='bbox 107 2269 197 2350; x_wconf 78' lang='lat' dir='ltr'>fuit,</span> <span class='ocrx_word' id='word_1_119' title='bbox 216 2251 303 2336; x_wconf 83' lang='lat' dir='ltr'>certe</span> <span class='ocrx_word' id='word_1_120' title='bbox 327 2287 397 2336; x_wconf 91' lang='lat' dir='ltr'>non</span> <span class='ocrx_word' id='word_1_121' title='bbox 417 2271 495 2336; x_wconf 84' lang='lat' dir='ltr'>satis</span> <span class='ocrx_word' id='word_1_122' title='bbox 519 2269 584 2336; x_wconf 85' lang='lat' dir='ltr'>fuit</span> <span class='ocrx_word' id='word_1_123' title='bbox 606 2287 738 2354; x_wconf 88' lang='lat' dir='ltr'>paratus</span> <span class='ocrx_word' id='word_1_124' title='bbox 757 2289 775 2335; x_wconf 90' lang='lat' dir='ltr'>a</span> <span class='ocrx_word' id='word_1_125' title='bbox 791 2267 961 2354; x_wconf 83' lang='lat' dir='ltr'>prudentia</span> 
     </span>
     <span class='ocr_line' id='line_1_18' title="bbox 24 2381 964 2466; baseline 0 -14"><span class='ocrx_word' id='word_1_126' title='bbox 24 2397 68 2452; x_wconf 85' lang='lat' dir='ltr'>et</span> <span class='ocrx_word' id='word_1_127' title='bbox 91 2381 262 2465; x_wconf 90' lang='lat' dir='ltr'>doctrina,</span> <span class='ocrx_word' id='word_1_128' title='bbox 286 2397 411 2466; x_wconf 86' lang='lat' dir='ltr'>poterat</span> <span class='ocrx_word' id='word_1_129' title='bbox 432 2383 516 2450; x_wconf 90' lang='lat' dir='ltr'>forte</span> <span class='ocrx_word' id='word_1_130' title='bbox 535 2384 624 2450; x_wconf 87' lang='lat' dir='ltr'>illum</span> <span class='ocrx_word' id='word_1_131' title='bbox 642 2385 752 2452; x_wconf 88' lang='lat' dir='ltr'>locum</span> <span class='ocrx_word' id='word_1_132' title='bbox 767 2385 893 2452; x_wconf 78' lang='lat' dir='ltr'>aliunde</span> <span class='ocrx_word' id='word_1_133' title='bbox 909 2401 964 2452; x_wconf 85' lang='lat' dir='ltr'>ac·</span> 
     </span>
     <span class='ocr_line' id='line_1_19' title="bbox 21 2497 965 2584; baseline -0.006 -14"><span class='ocrx_word' id='word_1_134' title='bbox 21 2497 162 2584; x_wconf 76' lang='lat' dir='ltr'>cepisse</span> <span class='ocrx_word' id='word_1_135' title='bbox 184 2516 243 2566; x_wconf 90' lang='lat' dir='ltr'>nec</span> <span class='ocrx_word' id='word_1_136' title='bbox 272 2517 310 2566; x_wconf 81' lang='lat' dir='ltr'>ex</span> <span class='ocrx_word' id='word_1_137' title='bbox 332 2497 406 2583; x_wconf 91' lang='lat' dir='ltr'>ipso</span> <span class='ocrx_word' id='word_1_138' title='bbox 436 2497 567 2566; x_wconf 84' lang='lat' dir='ltr'>Platone</span> <span class='ocrx_word' id='word_1_139' title='bbox 597 2499 775 2582; x_wconf 83' lang='lat' dir='ltr'><strong>sumsisse,</strong></span> <span class='ocrx_word' id='word_1_140' title='bbox 805 2515 835 2566; x_wconf 91' lang='lat' dir='ltr'>et</span> <span class='ocrx_word' id='word_1_141' title='bbox 858 2498 965 2571; x_wconf 85' lang='lat' dir='ltr'>nomi-</span> 
     </span>
     <span class='ocr_line' id='line_1_20' title="bbox 23 2612 963 2698; baseline -0.001 -15"><span class='ocrx_word' id='word_1_142' title='bbox 23 2633 111 2683; x_wconf 85' lang='lat' dir='ltr'>num</span> <span class='ocrx_word' id='word_1_143' title='bbox 127 2612 342 2682; x_wconf 80' lang='lat' dir='ltr'><strong>similitudine</strong></span> <span class='ocrx_word' id='word_1_144' title='bbox 359 2618 511 2698; x_wconf 88' lang='lat' dir='ltr'>deceptus</span> <span class='ocrx_word' id='word_1_145' title='bbox 532 2613 652 2684; x_wconf 83' lang='lat' dir='ltr'>fuisse:</span> <span class='ocrx_word' id='word_1_146' title='bbox 677 2615 740 2682; x_wconf 90' lang='lat' dir='ltr'>hoc</span> <span class='ocrx_word' id='word_1_147' title='bbox 758 2615 893 2681; x_wconf 85' lang='lat' dir='ltr'>dubium</span> <span class='ocrx_word' id='word_1_148' title='bbox 914 2635 963 2682; x_wconf 91' lang='lat' dir='ltr'>re·</span> 
     </span>
     <span class='ocr_line' id='line_1_21' title="bbox 26 2727 965 2814; baseline -0.004 -14"><span class='ocrx_word' id='word_1_149' title='bbox 26 2731 206 2812; x_wconf 79' lang='lat' dir='ltr'>manebat3</span> <span class='ocrx_word' id='word_1_150' title='bbox 230 2747 306 2814; x_wconf 79' lang='lat' dir='ltr'>ergo</span> <span class='ocrx_word' id='word_1_151' title='bbox 322 2729 367 2798; x_wconf 85' lang='lat' dir='ltr'>nil</span> <span class='ocrx_word' id='word_1_152' title='bbox 386 2729 519 2797; x_wconf 88' lang='lat' dir='ltr'>mutavi.</span> <span class='ocrx_word' id='word_1_153' title='bbox 565 2727 644 2796; x_wconf 81' lang='lat' dir='ltr'>Erat</span> <span class='ocrx_word' id='word_1_154' title='bbox 660 2729 724 2794; x_wconf 92' lang='lat' dir='ltr'>hoc</span> <span class='ocrx_word' id='word_1_155' title='bbox 749 2729 823 2796; x_wconf 90' lang='lat' dir='ltr'>loco</span> <span class='ocrx_word' id='word_1_156' title='bbox 844 2729 965 2796; x_wconf 83' lang='lat' dir='ltr'>falsum</span> 
     </span>
     <span class='ocr_line' id='line_1_22' title="bbox 26 2843 967 2930; baseline -0.003 -16"><span class='ocrx_word' id='word_1_157' title='bbox 26 2849 182 2918; x_wconf 81' lang='lat' dir='ltr'>dictum:</span> <span class='ocrx_word' id='word_1_158' title='bbox 208 2845 290 2928; x_wconf 89' lang='lat' dir='ltr'>illo,</span> <span class='ocrx_word' id='word_1_159' title='bbox 318 2845 470 2918; x_wconf 84' lang='lat' dir='ltr'>mendosa</span> <span class='ocrx_word' id='word_1_160' title='bbox 497 2843 607 2914; x_wconf 89' lang='lat' dir='ltr'>lectio.</span> <span class='ocrx_word' id='word_1_161' title='bbox 651 2843 836 2926; x_wconf 87' lang='lat' dir='ltr'>Utrumque</span> <span class='ocrx_word' id='word_1_162' title='bbox 862 2863 967 2930; x_wconf 80' lang='lat' dir='ltr'>genus</span> 
     </span>
     <span class='ocr_line' id='line_1_23' title="bbox 25 2961 968 3040; baseline -0.006 -4"><span class='ocrx_word' id='word_1_163' title='bbox 25 2966 154 3036; x_wconf 86' lang='lat' dir='ltr'><strong>Editor</strong></span> <span class='ocrx_word' id='word_1_164' title='bbox 180 2964 426 3040; x_wconf 81' lang='lat' dir='ltr'>animadvertere</span> <span class='ocrx_word' id='word_1_165' title='bbox 453 2963 569 3031; x_wconf 80' lang='lat' dir='ltr'>debet:</span> <span class='ocrx_word' id='word_1_166' title='bbox 593 2963 651 3028; x_wconf 87' lang='lat' dir='ltr'>sed</span> <span class='ocrx_word' id='word_1_167' title='bbox 680 2961 712 3030; x_wconf 92' lang='lat' dir='ltr'>in</span> <span class='ocrx_word' id='word_1_168' title='bbox 738 2963 968 3030; x_wconf 88' lang='lat' dir='ltr'>constituendo</span> 
     </span>
     <span class='ocr_line' id='line_1_24' title="bbox 27 3080 972 3165; baseline -0.008 -13"><span class='ocrx_word' id='word_1_169' title='bbox 27 3097 215 3164; x_wconf 84' lang='lat' dir='ltr'>contextu,</span> <span class='ocrx_word' id='word_1_170' title='bbox 243 3081 306 3146; x_wconf 88' lang='lat' dir='ltr'>hoc</span> <span class='ocrx_word' id='word_1_171' title='bbox 327 3081 512 3165; x_wconf 85' lang='lat' dir='ltr'>corrigere,</span> <span class='ocrx_word' id='word_1_172' title='bbox 536 3080 618 3146; x_wconf 88' lang='lat' dir='ltr'>iilud</span> <span class='ocrx_word' id='word_1_173' title='bbox 641 3081 841 3163; x_wconf 83' lang='lat' dir='ltr'>relinquere,</span> <span class='ocrx_word' id='word_1_174' title='bbox 865 3097 972 3161; x_wconf 78' lang='lat' dir='ltr'>neque.</span> 
     </span>
     <span class='ocr_line' id='line_1_25' title="bbox 31 3193 970 3280; baseline -0.007 -16"><span class='ocrx_word' id='word_1_175' title='bbox 31 3198 72 3265; x_wconf 81' lang='lat' dir='ltr'>in</span> <span class='ocrx_word' id='word_1_176' title='bbox 98 3214 254 3280; x_wconf 87' lang='lat' dir='ltr'>reponere</span> <span class='ocrx_word' id='word_1_177' title='bbox 280 3197 372 3278; x_wconf 87' lang='lat' dir='ltr'>quod</span> <span class='ocrx_word' id='word_1_178' title='bbox 400 3193 539 3262; x_wconf 88' lang='lat' dir='ltr'>scribere</span> <span class='ocrx_word' id='word_1_179' title='bbox 563 3193 713 3262; x_wconf 83' lang='lat' dir='ltr'>debuerat</span> <span class='ocrx_word' id='word_1_180' title='bbox 737 3197 884 3273; x_wconf 83' lang='lat' dir='ltr'>Auctor,</span> <span class='ocrx_word' id='word_1_181' title='bbox 914 3193 970 3271; x_wconf 85' lang='lat' dir='ltr'>sed</span> 
     </span>
     <span class='ocr_line' id='line_1_26' title="bbox 31 3307 972 3398; baseline -0.005 -18"><span class='ocrx_word' id='word_1_182' title='bbox 31 3312 136 3398; x_wconf 83' lang='lat' dir='ltr'>quod</span> <span class='ocrx_word' id='word_1_183' title='bbox 157 3312 301 3396; x_wconf 86' lang='lat' dir='ltr'>scripsit.</span> <span class='ocrx_word' id='word_1_184' title='bbox 345 3310 445 3398; x_wconf 90' lang='lat' dir='ltr'>Quod</span> <span class='ocrx_word' id='word_1_185' title='bbox 468 3311 497 3376; x_wconf 91' lang='lat' dir='ltr'>si</span> <span class='ocrx_word' id='word_1_186' title='bbox 524 3308 611 3378; x_wconf 86' lang='lat' dir='ltr'>forte</span> <span class='ocrx_word' id='word_1_187' title='bbox 628 3308 750 3376; x_wconf 86' lang='lat' dir='ltr'>alicubi</span> <span class='ocrx_word' id='word_1_188' title='bbox 768 3309 828 3376; x_wconf 86' lang='lat' dir='ltr'>hac</span> <span class='ocrx_word' id='word_1_189' title='bbox 848 3307 882 3376; x_wconf 89' lang='lat' dir='ltr'>io</span> <span class='ocrx_word' id='word_1_190' title='bbox 899 3329 972 3392; x_wconf 78' lang='lat' dir='ltr'>par·</span> 
     </span>
     <span class='ocr_line' id='line_1_27' title="bbox 32 3426 973 3511; baseline 0 -13"><span class='ocrx_word' id='word_1_191' title='bbox 32 3447 72 3498; x_wconf 89' lang='lat' dir='ltr'>te</span> <span class='ocrx_word' id='word_1_192' title='bbox 98 3446 211 3497; x_wconf 86' lang='lat' dir='ltr'>tenere</span> <span class='ocrx_word' id='word_1_193' title='bbox 239 3427 329 3498; x_wconf 83' lang='lat' dir='ltr'>feci:</span> <span class='ocrx_word' id='word_1_194' title='bbox 360 3429 431 3496; x_wconf 88' lang='lat' dir='ltr'>cavi</span> <span class='ocrx_word' id='word_1_195' title='bbox 457 3445 497 3494; x_wconf 89' lang='lat' dir='ltr'>ne</span> <span class='ocrx_word' id='word_1_196' title='bbox 530 3426 611 3510; x_wconf 89' lang='lat' dir='ltr'>quid</span> <span class='ocrx_word' id='word_1_197' title='bbox 634 3426 815 3495; x_wconf 84' lang='lat' dir='ltr'>detrimenti</span> <span class='ocrx_word' id='word_1_198' title='bbox 844 3441 973 3511; x_wconf 79' lang='lat' dir='ltr'>caperet</span> 
     </span>
     <span class='ocr_line' id='line_1_28' title="bbox 29 3543 972 3631; baseline -0.007 -10"><span class='ocrx_word' id='word_1_199' title='bbox 29 3563 226 3622; x_wconf 74' lang='lat' dir='ltr'>contectus.</span> <span class='ocrx_word' id='word_1_200' title='bbox 291 3547 373 3618; x_wconf 86' lang='lat' dir='ltr'>Nam</span> <span class='ocrx_word' id='word_1_201' title='bbox 408 3549 442 3614; x_wconf 91' lang='lat' dir='ltr'>in</span> <span class='ocrx_word' id='word_1_202' title='bbox 480 3543 759 3611; x_wconf 82' lang='lat' dir='ltr'>Aunotationibus</span> <span class='ocrx_word' id='word_1_203' title='bbox 791 3545 972 3631; x_wconf 83' lang='lat' dir='ltr'>subjectis,</span> 
     </span>
     <span class='ocr_line' id='line_1_29' title="bbox 31 3658 973 3750; baseline -0.005 -16"><span class='ocrx_word' id='word_1_204' title='bbox 31 3683 112 3736; x_wconf 86' lang='lat' dir='ltr'>eum</span> <span class='ocrx_word' id='word_1_205' title='bbox 132 3679 281 3750; x_wconf 81' lang='lat' dir='ltr'>receptae</span> <span class='ocrx_word' id='word_1_206' title='bbox 300 3659 512 3730; x_wconf 87' lang='lat' dir='ltr'>correctionis</span> <span class='ocrx_word' id='word_1_207' title='bbox 528 3673 664 3726; x_wconf 86' lang='lat' dir='ltr'>ueterem</span> <span class='ocrx_word' id='word_1_208' title='bbox 679 3658 839 3742; x_wconf 79' lang='lat' dir='ltr'>vulgatam</span> <span class='ocrx_word' id='word_1_209' title='bbox 858 3661 973 3729; x_wconf 86' lang='lat' dir='ltr'>lectio-</span> 
     </span>
     <span class='ocr_line' id='line_1_30' title="bbox 31 3770 974 3866; baseline -0.008 -16"><span class='ocrx_word' id='word_1_210' title='bbox 31 3801 135 3866; x_wconf 85' lang='lat' dir='ltr'>nem,</span> <span class='ocrx_word' id='word_1_211' title='bbox 166 3797 239 3848; x_wconf 86' lang='lat' dir='ltr'>tum</span> <span class='ocrx_word' id='word_1_212' title='bbox 262 3790 400 3846; x_wconf 75' lang='lat' dir='ltr'>retentae</span> <span class='ocrx_word' id='word_1_213' title='bbox 427 3774 577 3858; x_wconf 74' lang='lat' dir='ltr'>vulgatae</span> <span class='ocrx_word' id='word_1_214' title='bbox 600 3770 777 3840; x_wconf 84' lang='lat' dir='ltr'>faciendam</span> <span class='ocrx_word' id='word_1_215' title='bbox 798 3778 974 3848; x_wconf 87' lang='lat' dir='ltr'>correctio·</span> 
     </span>
    </p>
   </div>
   <div class='ocr_carea' id='block_1_5' title="bbox 30 3887 977 4086">
    <p class='ocr_par' dir='ltr' id='par_1_5' title="bbox 30 3887 977 4086">
     <span class='ocr_line' id='line_1_31' title="bbox 30 3887 935 4076; baseline -0.025 -102"><span class='ocrx_word' id='word_1_216' title='bbox 30 3919 131 3990; x_wconf 79' lang='lat' dir='ltr'>nent,</span> <span class='ocrx_word' id='word_1_217' title='bbox 154 3897 275 3976; x_wconf 79' lang='lat' dir='ltr'>sedulo</span> <span class='ocrx_word' id='word_1_218' title='bbox 291 3915 327 3970; x_wconf 87' lang='lat' dir='ltr'>ac</span> <span class='ocrx_word' id='word_1_219' title='bbox 349 3891 483 3970; x_wconf 76' lang='lat' dir='ltr'>fideliter</span> <span class='ocrx_word' id='word_1_220' title='bbox 504 3887 765 4076; x_wconf 52' lang='lat' dir='ltr'>ctssudmenorari.</span> <span class='ocrx_word' id='word_1_221' title='bbox 907 3999 935 4066; x_wconf 76' lang='lat' dir='ltr'>E</span> 
     </span>
     <span class='ocr_line' id='line_1_32' title="bbox 617 4015 977 4086; baseline -0.019 0"><span class='ocrx_word' id='word_1_222' title='bbox 617 4015 638 4086; x_wconf 85' lang='grc'><em>5</em></span> <span class='ocrx_word' id='word_1_223' title='bbox 936 4019 977 4070; x_wconf 72' lang='lat'>1·</span> 
     </span>
    </p>
   </div>
   <div class='ocr_carea' id='block_1_6' title="bbox 0 0 1251 4718">
    <p class='ocr_par' dir='ltr' id='par_1_6' title="bbox 0 0 1251 4718">
     <span class='ocr_line' id='line_1_33' title="bbox 0 0 1251 4718; baseline 0 0"><span class='ocrx_word' id='word_1_224' title='bbox 0 0 1251 4718; x_wconf 95' lang='lat' dir='ltr'> </span> 
     </span>
    </p>
   </div>
  </div>
 </body>
</html>
