2506 4712
272 289 335 379 ‚m
436 283 571 354 vrrs
608 281 655 354 n
694 276 1040 358 munerentur.

269 471 375 554 quiin
396 460 555 540 reditione
568 469 675 538 netttri
690 468 816 553 aepani
833 459 1075 556 adjunxissent.
1089 472 1200 562 Qun

269 587 372 671 legem
397 583 544 654 homiues
575 585 626 652 rel
650 584 748 652 calidi
773 586 824 654 vei
844 585 986 670 imperiti
1011 591 1118 674 strigo
1130 609 1204 674 μ.

267 719 377 788 peram
404 699 592 781 rccipiunt,
614 717 714 782 quum
739 701 862 768 medios
887 719 925 768 ac
952 703 1049 785 panis
1065 720 1207 777 cuneor-

271 817 405 898 diaeque
429 812 595 880 studiosos
616 813 708 880 eirea
737 833 798 898 pro
818 815 1007 884 reverentiis
1035 817 1207 888 habendos

271 949 345 1004 esse
368 927 581 996 contendunt.
626 926 729 1012 Quasi
757 945 833 996 uero
859 929 962 998 Solon
990 950 1053 1000 eoa
1080 951 1210 1004 neutra·

274 1063 345 1112 rum
362 1043 499 1128 partium
514 1042 673 1122 dixisset,
697 1041 754 1124 qui
771 1044 903 1125 patriam
927 1048 1055 1114 serrari
1070 1049 1210 1132 cupiem-

269 1175 341 1240 aes,
358 1178 394 1225 ea
408 1157 501 1240 quasi
518 1173 573 1240 per
589 1155 736 1225 morbum
756 1157 886 1226 induas
904 1175 1011 1241 partes
1028 1161 1207 1246 distracta,

215 1353 216 1358 ἵ
268 1275 394 1344 neutris
427 1271 657 1356 aegrotantium
691 1271 726 1338 in
762 1273 866 1340 morbi
894 1275 1089 1343 societatem
1115 1297 1209 1348 aece-

269 1391 376 1469 dunt‚
399 1388 454 1454 sed
466 1385 530 1470 ipsi
547 1384 616 1454 sani
638 1384 819 1470 integrique
837 1388 989 1472 utrisque
1003 1409 1044 1456 se
1056 1393 1210 1462 medicos

271 1503 442 1590 praebente
464 1519 501 1568 ac
512 1517 579 1566 nott
594 1517 674 1580 eos,
690 1502 747 1583 qui
767 1519 937 1570 commune
952 1506 1135 1586 perieulum
1152 1509 1211 1576 nii

267 1621 310 1694 ad
327 1615 533 1702 sepertinere
549 1627 735 1696 censentes,
759 1617 846 1683 nulia
872 1619 942 1704 ejus
966 1637 1047 1686 cura
1064 1635 1100 1687 et
1113 1623 1210 1690 solii·

267 1733 413 1804 titudine
436 1743 636 1816 tanguntut,
658 1749 717 1798 nee
746 1749 811 1798 rem
839 1750 1036 1818 operamque
1053 1737 1097 1802 ad
1116 1756 1209 1805 enm-

267 1849 434 1940 ponendas
452 1847 526 1912 lites
544 1844 735 1911 conferunt:
752 1861 828 1926 aut,
851 1848 944 1928 quasi
961 1866 1029 1915 non
1045 1869 1113 1920 suo
1131 1855 1208 1937 ipse

268 1962 418 2047 exemplo
451 1959 673 2040 ostendisset,
705 1978 799 2042 quam
834 1961 986 2028 rationem
1026 1961 1208 2052 probaret,

150 2051 172 2086 ⁴
269 2077 420 2161 utrisque
443 2077 589 2156 amicus,
610 2074 733 2141 neutris
757 2075 928 2158 inimicus,
961 2078 1131 2148 universos
1156 2085 1208 2152 ad

270 2193 475 2264 concordiam
496 2188 653 2272 redigens.
677 2188 893 2256 Ruhnkenius
915 2179 1124 2279 utrarumque
1141 2217 1207 2266 so-

268 2309 340 2374 tios
361 2307 499 2390 partium
517 2319 555 2370 ut
571 2304 661 2368 cives
678 2303 825 2387 amabat,
849 2317 903 2386 et,
926 2308 955 2374 si
976 2307 1205 2398 detineam,

267 2421 307 2490 ad
338 2433 531 2484 consensum
570 2417 773 2486 reconciliare
805 2421 978 2488 studebat:
1008 2424 1204 2511 intelligens
1251 2479 1252 2494 t

268 2533 318 2605 nil
334 2527 468 2616 profici,
490 2528 613 2600 destitit
630 2533 649 2595 i
668 2549 750 2597 rano
775 2533 905 2603 iabores
930 2551 960 2602 at
972 2526 1041 2603 'mon
1062 2540 1206 2612 destitit

269 2651 289 2718 i
310 2647 427 2733 patriae
449 2661 577 2712 amores
600 2663 694 2710 suum
720 2644 790 2727 ipse
806 2647 948 2717 officium
967 2667 1093 2720 secutus
1118 2671 1205 2731 esta

273 2763 457 2843 monendo,
480 2760 649 2840 docendo,
672 2761 835 2844 cauendo,
853 2765 920 2848 egit
939 2767 1026 2850 quod
1044 2769 1205 2853 utrisque

271 2878 486 2948 communiter
508 2873 587 2942 utile
608 2857 717 2942 ¹esset:
742 2876 850 2946 animo
873 2895 906 2946 et
922 2880 1091 2952 uoluntate
1116 2883 1209 2958 favit

270 2991 472 3062 melioribus.
857 3045 862 3056 .

276 3155 279 3163 .
312 3107 358 3176 At
387 3123 469 3188 quae
499 3118 577 3175 sunt
610 3105 683 3176 iilae
714 3107 862 3178 meliores
894 3111 1031 3197 partes?
1073 3113 1207 3186 Messa·

232 3305 240 3318 ¹
273 3221 304 3288 ia
327 3221 446 3306 (ros)
467 3219 668 3288 laudatusab
683 3222 861 3309 Augusto,
884 3227 981 3307 quud
994 3230 1038 3297 ad
1063 3229 1204 3302 Actium
1250 3273 1251 3278 =

272 3333 401 3402 fortiter
426 3353 488 3417 pru
508 3333 582 3418 ipso
616 3339 772 3407 adversus
795 3339 974 3406 Antonium
1001 3359 1206 3429 pugnasset,

275 3450 351 3516 iicet
379 3449 532 3516 adversus
556 3448 664 3532 ipsum
689 3454 730 3520 ad
760 3453 930 3538 Philippos
956 3460 1109 3525 acerrime
1139 3479 1204 3543 pru
1250 3459 1251 3462 ’

273 3561 379 3631 Bruto
397 3563 598 3633 dimicasset:
622 3563 694 3654 Ego
721 3587 819 3651 uero,
841 3568 970 3652 inquit,
992 3588 1118 3660 semper
1138 3573 1205 3657 fui

1136 3709 1201 3754 aro·

312 3863 425 3949 (¹05)
445 3867 589 3933 Plutarch.
604 3873 633 3932 in
646 3871 712 3936 idn
727 3873 824 3947 Bruti,
843 3889 874 3949 p.
892 3887 989 3950 1009,
1007 3871 1066 3936 Β..
