2418 4718
129 231 689 367 nuirucffl'uonsimu.
706 285 787 373 voi
802 292 832 373 i.
885 293 957 392 gt,

26 473 120 550 ruris
146 479 195 549 ad
216 494 322 546 aanor
356 498 392 546 xc
435 489 660 550 Μειιω·
682 501 747 572 per
776 486 948 560 Eusebium
1016 501 1024 543 Ι

27 589 233 688 Episcopium
267 609 300 661 et
331 594 471 662 Nicolal
500 596 562 666 Fr.
591 600 746 666 haeredes
770 621 943 676 Mnexxsvr
1034 639 1037 644 ·

25 713 142 780 Addita
170 725 222 778 est
250 710 403 794 Epistola
424 711 614 782 dedicatoria
632 717 672 784 ad
689 718 847 788 Ciuitatis
862 721 950 788 Basi-

4 839 8 848 '
25 817 89 896 'icae
107 829 263 898 Proceres
278 827 517 912 seorsumque,
539 850 579 897 ex
595 840 660 916 qua
676 834 892 922 intelligitur,
914 840 954 906 ad

23 951 108 1020 bone
136 950 290 1020 Gnatam
315 951 498 1022 Editionem
526 973 612 1024 novo
637 956 806 1039 subsidio,
828 975 954 1041 praeter
1027 975 1030 982 ·

20 1087 59 1136 ea
87 1086 175 1154 quae
196 1069 236 1136 ad
255 1068 446 1137 Versionem
468 1070 699 1140 conficiendis]
721 1071 910 1161 adfuerant,
933 1097 952 1146 e

17 1201 277 1252 xucouuao
304 1182 448 1251 adhibita
472 1197 543 1252 esse
569 1187 669 1255 nulia,
712 1187 829 1280 Itaque
852 1211 954 1280 crgo,

18 1297 157 1380 inquit,
178 1279 264 1364 hu'ac
283 1297 500 1365 Plutarchum
515 1281 605 1365 nibil
615 1319 684 1390 sum
705 1305 830 1371 ueritus
848 1326 951 1377 meum

21 1409 220 1499 appellare:
241 1431 314 1478 curu
333 1413 432 1478 totius
448 1416 552 1503 operis
561 1420 778 1503 praestantia
795 1440 884 1486 meae
894 1437 954 1512 po·

22 1530 183 1594 tissimum
196 1545 321 1607 curae,
334 1520 414 1606 fidei
421 1571 434 1606 ,
447 1526 694 1618 industriaeque
709 1530 882 1600 debeatur:
899 1541 956 1624 qui

24 1663 123 1710 uuam
141 1640 335 1706 maalmam
351 1640 524 1708 chiliadem
541 1649 746 1734 expurgari,
763 1659 795 1711 ct
808 1652 956 1738 permul-

23 1771 57 1824 ta
81 1758 229 1826 ramera
254 1759 398 1840 tamaii,
433 1765 465 1824 e't
491 1773 529 1825 ut
549 1759 683 1832 luteres
706 1769 806 1832 omnis
827 1773 957 1852 generis
1067 1838 1072 1848 Κ

23 1901 89 1948 eum
116 1877 278 1944 habereut
302 1877 411 1944 usibus
428 1882 495 1946 suis
510 1879 806 1966 accommodatum,
830 1889 957 1974 lugenti

23 1994 307 2082 molestissimoque
322 1980 434 2062 labore
450 1987 554 2079 effeci.
598 1997 673 2084 Quo
683 2001 724 2066 irs
739 2008 863 2088 negotio
879 2025 953 2076 cum
1048 2081 1051 2088 .

24 2110 110 2178 nihil
124 2123 204 2176 esset
220 2131 244 2174 a
261 2109 423 2178 codicibus
445 2115 568 2182 auxilii
584 2117 846 2210 (Episcopiauus
864 2128 950 2195 emim

22 2247 127 2315 aeque
142 2229 299 2294 semissem
316 2232 419 2316 operis
443 2234 606 2317 continet,
631 2249 663 2302 ct
686 2240 731 2302 iis
749 2249 951 2326 praesertim

21 2357 147 2424 caret,
164 2349 219 2431 qui
237 2357 270 2408 ct
287 2343 503 2415 obscurissimi
519 2363 594 2416 suut
608 2365 642 2416 et
655 2352 948 2449 depravatissimi)

23 2465 204 2528 necesaria
232 2458 281 2528 ud
305 2460 450 2528 sollcitae
474 2465 668 2552 diligentiae
686 2465 777 2560 'opem
801 2481 950 2568 confugi.

23 2573 142 2666 ltaque
157 2575 306 2644 murare·
325 2595 374 2641 me
388 2585 529 2665 oportuit
544 2598 605 2670 per
620 2591 731 2652 uarios
753 2597 951 2680 scriptores5

26 2701 138 2764 rarius
159 2692 398 2781 disputationes
417 2703 556 2778 omnium¹
567 2701 790 2792 philosophiae
798 2716 954 2794 partium

26 2825 197 2890 excunte,
219 2815 375 2878 rersiones
391 2813 546 2884 aliorum,
558 2816 634 2882 hinc
656 2823 734 2886 iude
750 2823 856 2890 editas
873 2841 953 2914 pcr-¹

23 2929 163 3018 madere
179 2938 212 2990 et
226 2925 418 3011 corsJ'eaturis
436 2929 668 3017 multiplicibus
690 2935 893 3022 inhaerere,
914 2963 953 3010 ae
1014 2963 1021 2970 ·

23 3034 250 3134 propemodum
277 3039 319 3114 rai
344 3046 530 3130 enimse,
553 3044 640 3136 quod
653 3046 804 3138 dieitur,
825 3057 952 3130 &aare

29 3157 118 3242 ,Quae
140 3163 255 3224 emnia
282 3178 317 3224 eo
339 3160 488 3228 alacrius
517 3163 603 3232 obiri
625 3171 657 3232 ei
681 3173 844 3254 sustinui,
872 3167 961 3263 quud

37 3279 129 3360 qussi
138 3274 220 3358 fato
233 3271 372 3364 quodm
389 3296 456 3344 mco
471 3275 765 3354 animadverterem
779 3287 960 3364 Plutarcho

26 3414 78 3458 me
98 3403 340 3464 consecratum:
368 3398 462 3482 cujus
484 3407 593 3468 omnia
627 3409 776 3493 scripta,
798 3428 883 3496 quae
907 3413 955 3480 ad
1047 3405 1050 3416 ’

25 3529 82 3574 nos
91 3525 334 3597 peruenerunt,
344 3516 474 3600 primus
491 3511 617 3582 Latiae
628 3537 702 3584 eum
720 3519 952 3614 reddidissem,

24 3632 119 3692 eriam
129 3625 335 3696 Graecorum
352 3629 604 3700 emcadatiaucm
622 3656 672 3702 mc
689 3640 722 3702 ei
739 3642 953 3734 reipublicae*

23 3764 81 3831 que
94 3743 211 3814 debere
227 3751 430 3816 existimari.
466 3751 704 3820 Annoutiones
726 3754 803 3824 huic
819 3760 954 3838 editioni

24 3861 126 3930 solies
141 3875 224 3934 sont
238 3861 384 3949 oddiue3
401 3866 490 3950 quod
507 3867 586 3934 satis
611 3886 683 3940 esse
700 3871 830 3944 duceret
852 3893 956 3946 usca

495 3979 554 4060 Bb
655 4010 657 4016 ’
885 4003 961 4068 hiis
