<?xml version="1.0" encoding="UTF-8"?>
<!DOCTYPE html PUBLIC "-//W3C//DTD XHTML 1.0 Transitional//EN"
    "http://www.w3.org/TR/xhtml1/DTD/xhtml1-transitional.dtd">
<html xmlns="http://www.w3.org/1999/xhtml" xml:lang="en" lang="en">
 <head>
  <title>
</title>
<meta http-equiv="Content-Type" content="text/html;charset=utf-8" />
  <meta name='ocr-system' content='tesseract 3.04.00' />
  <meta name='ocr-capabilities' content='ocr_page ocr_carea ocr_par ocr_line ocrx_word'/>
</head>
<body>
  <div class='ocr_page' id='page_1' title='image "./opusculavariiar01wyttgoog_0420.png"; bbox 0 0 2438 4718; ppageno 0'>
   <div class='ocr_carea' id='block_1_1' title="bbox 124 309 968 455">
    <p class='ocr_par' dir='ltr' id='par_1_1' title="bbox 124 309 968 455">
     <span class='ocr_line' id='line_1_1' title="bbox 124 309 968 455; baseline -0.001 -18"><span class='ocrx_word' id='word_1_1' title='bbox 124 361 398 438; x_wconf 81' lang='lat' dir='ltr'>PLUTARCHI</span> <span class='ocrx_word' id='word_1_2' title='bbox 419 359 687 432; x_wconf 72' lang='lat' dir='ltr'>Monstrum.</span> <span class='ocrx_word' id='word_1_3' title='bbox 710 363 790 434; x_wconf 90' lang='lat' dir='ltr'>Vol.</span> <span class='ocrx_word' id='word_1_4' title='bbox 808 369 835 435; x_wconf 89' lang='lat' dir='ltr'>l.</span> <span class='ocrx_word' id='word_1_5' title='bbox 889 309 968 455; x_wconf 46' lang='lat' dir='ltr'>atum.</span> 
     </span>
    </p>
   </div>
   <div class='ocr_carea' id='block_1_2' title="bbox 20 549 963 1794">
    <p class='ocr_par' dir='ltr' id='par_1_2' title="bbox 20 549 963 1794">
     <span class='ocr_line' id='line_1_2' title="bbox 27 549 955 632; baseline 0.002 -12"><span class='ocrx_word' id='word_1_6' title='bbox 27 569 132 628; x_wconf 76' lang='lat' dir='ltr'>setum</span> <span class='ocrx_word' id='word_1_7' title='bbox 159 554 213 620; x_wconf 88' lang='lat' dir='ltr'>vel</span> <span class='ocrx_word' id='word_1_8' title='bbox 240 553 280 617; x_wconf 85' lang='lat' dir='ltr'>ad</span> <span class='ocrx_word' id='word_1_9' title='bbox 303 549 459 632; x_wconf 89' lang='lat' dir='ltr'>temporis</span> <span class='ocrx_word' id='word_1_10' title='bbox 485 550 538 615; x_wconf 87' lang='lat' dir='ltr'>vel</span> <span class='ocrx_word' id='word_1_11' title='bbox 562 549 742 632; x_wconf 84' lang='lat' dir='ltr'>argumenti</span> <span class='ocrx_word' id='word_1_12' title='bbox 772 551 955 622; x_wconf 81' lang='lat' dir='ltr'>rationemt</span> 
     </span>
     <span class='ocr_line' id='line_1_3' title="bbox 28 664 958 753; baseline -0.004 -13"><span class='ocrx_word' id='word_1_13' title='bbox 28 673 83 740; x_wconf 86' lang='lat' dir='ltr'>sed</span> <span class='ocrx_word' id='word_1_14' title='bbox 101 681 266 753; x_wconf 87' lang='lat' dir='ltr'>praestare</span> <span class='ocrx_word' id='word_1_15' title='bbox 287 664 465 734; x_wconf 83' lang='lat' dir='ltr'>existimavi</span> <span class='ocrx_word' id='word_1_16' title='bbox 484 684 557 730; x_wconf 89' lang='lat' dir='ltr'>cunr</span> <span class='ocrx_word' id='word_1_17' title='bbox 579 665 645 731; x_wconf 88' lang='lat' dir='ltr'>alio</span> <span class='ocrx_word' id='word_1_18' title='bbox 662 668 739 735; x_wconf 93' lang='lat' dir='ltr'>loco</span> <span class='ocrx_word' id='word_1_19' title='bbox 755 669 958 749; x_wconf 76' lang='lat' dir='ltr'>peculiariter</span> 
     </span>
     <span class='ocr_line' id='line_1_4' title="bbox 26 780 963 867; baseline -0.011 -13"><span class='ocrx_word' id='word_1_20' title='bbox 26 801 163 866; x_wconf 83' lang='lat' dir='ltr'>notare,</span> <span class='ocrx_word' id='word_1_21' title='bbox 189 800 377 864; x_wconf 84' lang='lat' dir='ltr'>quamtum</span> <span class='ocrx_word' id='word_1_22' title='bbox 398 780 570 866; x_wconf 85' lang='lat' dir='ltr'>legentium</span> <span class='ocrx_word' id='word_1_23' title='bbox 591 780 739 849; x_wconf 89' lang='lat' dir='ltr'>molestia</span> <span class='ocrx_word' id='word_1_24' title='bbox 755 785 901 867; x_wconf 75' lang='lat' dir='ltr'>recipere</span> <span class='ocrx_word' id='word_1_25' title='bbox 913 798 963 852; x_wconf 86' lang='lat' dir='ltr'>at.</span> 
     </span>
     <span class='ocr_line' id='line_1_5' title="bbox 26 893 963 983; baseline -0.006 -19"><span class='ocrx_word' id='word_1_26' title='bbox 26 916 92 983; x_wconf 85' lang='lat' dir='ltr'>que</span> <span class='ocrx_word' id='word_1_27' title='bbox 105 897 317 966; x_wconf 85' lang='lat' dir='ltr'>constituere.</span> <span class='ocrx_word' id='word_1_28' title='bbox 338 893 456 962; x_wconf 87' lang='lat' dir='ltr'>Eadem</span> <span class='ocrx_word' id='word_1_29' title='bbox 475 913 590 962; x_wconf 78' lang='lat' dir='ltr'><strong>caussa</strong></span> <span class='ocrx_word' id='word_1_30' title='bbox 603 896 682 962; x_wconf 87' lang='lat' dir='ltr'>milri</span> <span class='ocrx_word' id='word_1_31' title='bbox 697 896 782 980; x_wconf 88' lang='lat' dir='ltr'>luit,</span> <span class='ocrx_word' id='word_1_32' title='bbox 807 913 844 964; x_wconf 93' lang='lat' dir='ltr'>ut</span> <span class='ocrx_word' id='word_1_33' title='bbox 858 899 963 966; x_wconf 89' lang='lat' dir='ltr'>Grae.</span> 
     </span>
     <span class='ocr_line' id='line_1_6' title="bbox 23 1012 960 1095; baseline 0.014 -24"><span class='ocrx_word' id='word_1_34' title='bbox 23 1034 68 1083; x_wconf 76' lang='lat' dir='ltr'>co</span> <span class='ocrx_word' id='word_1_35' title='bbox 80 1055 94 1072; x_wconf 93' lang='lat'><strong><em>.</em></strong></span> <span class='ocrx_word' id='word_1_36' title='bbox 107 1013 267 1091; x_wconf 75' lang='lat' dir='ltr'><strong>Latinae,</strong></span> <span class='ocrx_word' id='word_1_37' title='bbox 289 1013 410 1095; x_wconf 90' lang='lat' dir='ltr'>quippe</span> <span class='ocrx_word' id='word_1_38' title='bbox 428 1014 532 1084; x_wconf 85' lang='lat' dir='ltr'>adhuc</span> <span class='ocrx_word' id='word_1_39' title='bbox 552 1031 569 1076; x_wconf 87' lang='lat' dir='ltr'>a</span> <span class='ocrx_word' id='word_1_40' title='bbox 588 1012 694 1082; x_wconf 85' lang='lat' dir='ltr'>doctis</span> <span class='ocrx_word' id='word_1_41' title='bbox 714 1013 901 1082; x_wconf 90' lang='lat' dir='ltr'>hominibus</span> <span class='ocrx_word' id='word_1_42' title='bbox 926 1029 960 1084; x_wconf 88' lang='lat' dir='ltr'>ct</span> 
     </span>
     <span class='ocr_line' id='line_1_7' title="bbox 23 1127 962 1212; baseline -0.004 -10"><span class='ocrx_word' id='word_1_43' title='bbox 23 1151 122 1202; x_wconf 89' lang='lat' dir='ltr'>nunc</span> <span class='ocrx_word' id='word_1_44' title='bbox 149 1128 295 1196; x_wconf 79' lang='lat' dir='ltr'>amrin</span> <span class='ocrx_word' id='word_1_45' title='bbox 322 1127 500 1194; x_wconf 77' lang='lat' dir='ltr'>excitandis</span> <span class='ocrx_word' id='word_1_46' title='bbox 534 1127 819 1212; x_wconf 82' lang='lat' dir='ltr'>significandisque</span> <span class='ocrx_word' id='word_1_47' title='bbox 834 1130 962 1198; x_wconf 85' lang='lat' dir='ltr'>Plutar-</span> 
     </span>
     <span class='ocr_line' id='line_1_8' title="bbox 20 1243 958 1333; baseline -0.001 -15"><span class='ocrx_word' id='word_1_48' title='bbox 20 1249 124 1318; x_wconf 91' lang='lat' dir='ltr'>chcis</span> <span class='ocrx_word' id='word_1_49' title='bbox 141 1245 223 1313; x_wconf 85' lang='lat' dir='ltr'>locis</span> <span class='ocrx_word' id='word_1_50' title='bbox 238 1243 476 1328; x_wconf 81' lang='lat' dir='ltr'>frequentatae,</span> <span class='ocrx_word' id='word_1_51' title='bbox 495 1249 628 1330; x_wconf 85' lang='lat' dir='ltr'>paginas</span> <span class='ocrx_word' id='word_1_52' title='bbox 648 1265 818 1329; x_wconf 85' lang='lat' dir='ltr'>earumque</span> <span class='ocrx_word' id='word_1_53' title='bbox 829 1265 958 1333; x_wconf 83' lang='lat' dir='ltr'>partes,</span> 
     </span>
     <span class='ocr_line' id='line_1_9' title="bbox 23 1359 959 1450; baseline -0.005 -20"><span class='ocrx_word' id='word_1_54' title='bbox 23 1362 161 1450; x_wconf 81' lang='lat' dir='ltr'>adjectis</span> <span class='ocrx_word' id='word_1_55' title='bbox 179 1363 213 1428; x_wconf 91' lang='lat' dir='ltr'>in</span> <span class='ocrx_word' id='word_1_56' title='bbox 240 1361 382 1446; x_wconf 82' lang='lat' dir='ltr'>margine</span> <span class='ocrx_word' id='word_1_57' title='bbox 399 1359 564 1428; x_wconf 86' lang='lat' dir='ltr'>Editionis</span> <span class='ocrx_word' id='word_1_58' title='bbox 583 1379 713 1430; x_wconf 87' lang='lat' dir='ltr'>nostrae</span> <span class='ocrx_word' id='word_1_59' title='bbox 731 1362 880 1430; x_wconf 89' lang='lat' dir='ltr'>interiore</span> <span class='ocrx_word' id='word_1_60' title='bbox 896 1383 959 1430; x_wconf 81' lang='lat' dir='ltr'>nu-</span> 
     </span>
     <span class='ocr_line' id='line_1_10' title="bbox 24 1475 960 1560; baseline -0.002 -14"><span class='ocrx_word' id='word_1_61' title='bbox 24 1479 123 1546; x_wconf 86' lang='lat' dir='ltr'>meris</span> <span class='ocrx_word' id='word_1_62' title='bbox 139 1493 173 1543; x_wconf 89' lang='lat' dir='ltr'>et</span> <span class='ocrx_word' id='word_1_63' title='bbox 186 1477 291 1544; x_wconf 88' lang='lat' dir='ltr'>literis</span> <span class='ocrx_word' id='word_1_64' title='bbox 307 1476 531 1560; x_wconf 83' lang='lat' dir='ltr'>significarem.</span> <span class='ocrx_word' id='word_1_65' title='bbox 562 1478 647 1546; x_wconf 81' lang='lat' dir='ltr'>illud</span> <span class='ocrx_word' id='word_1_66' title='bbox 663 1497 739 1546; x_wconf 89' lang='lat' dir='ltr'>vero</span> <span class='ocrx_word' id='word_1_67' title='bbox 752 1481 847 1546; x_wconf 87' lang='lat' dir='ltr'>etiam</span> <span class='ocrx_word' id='word_1_68' title='bbox 860 1480 900 1544; x_wconf 85' lang='lat' dir='ltr'>ad</span> <span class='ocrx_word' id='word_1_69' title='bbox 911 1475 960 1544; x_wconf 84' lang='lat' dir='ltr'>fa·</span> 
     </span>
     <span class='ocr_line' id='line_1_11' title="bbox 23 1594 961 1680; baseline 0 -18"><span class='ocrx_word' id='word_1_70' title='bbox 23 1595 180 1662; x_wconf 86' lang='lat' dir='ltr'>tilitatem</span> <span class='ocrx_word' id='word_1_71' title='bbox 198 1607 231 1660; x_wconf 89' lang='lat' dir='ltr'>et</span> <span class='ocrx_word' id='word_1_72' title='bbox 247 1594 341 1680; x_wconf 89' lang='lat' dir='ltr'>quasi</span> <span class='ocrx_word' id='word_1_73' title='bbox 354 1595 562 1662; x_wconf 80' lang='lat' dir='ltr'>levamentum</span> <span class='ocrx_word' id='word_1_74' title='bbox 576 1596 726 1663; x_wconf 89' lang='lat' dir='ltr'>lectionis</span> <span class='ocrx_word' id='word_1_75' title='bbox 744 1599 847 1678; x_wconf 88' lang='lat' dir='ltr'>valet,</span> <span class='ocrx_word' id='word_1_76' title='bbox 869 1595 961 1677; x_wconf 85' lang='lat' dir='ltr'>quod</span> 
     </span>
     <span class='ocr_line' id='line_1_12' title="bbox 27 1687 960 1794; baseline -0.003 -16"><span class='ocrx_word' id='word_1_77' title='bbox 27 1713 131 1778; x_wconf 91' lang='lat' dir='ltr'>libros</span> <span class='ocrx_word' id='word_1_78' title='bbox 150 1727 244 1790; x_wconf 86' lang='lat' dir='ltr'>nort,</span> <span class='ocrx_word' id='word_1_79' title='bbox 272 1725 307 1776; x_wconf 91' lang='lat' dir='ltr'>ut</span> <span class='ocrx_word' id='word_1_80' title='bbox 332 1687 423 1778; x_wconf 80' lang='lat' dir='ltr'>antea</span> <span class='ocrx_word' id='word_1_81' title='bbox 451 1712 485 1778; x_wconf 91' lang='lat' dir='ltr'>in</span> <span class='ocrx_word' id='word_1_82' title='bbox 515 1711 649 1780; x_wconf 82' lang='lat' dir='ltr'>Graecis</span> <span class='ocrx_word' id='word_1_83' title='bbox 675 1713 960 1794; x_wconf 67' lang='lat' dir='ltr'>aesopianam,</span> 
     </span>
    </p>
   </div>
   <div class='ocr_carea' id='block_1_3' title="bbox 25 1826 1064 1909">
    <p class='ocr_par' dir='ltr' id='par_1_3' title="bbox 25 1826 1064 1909">
     <span class='ocr_line' id='line_1_13' title="bbox 25 1826 1064 1909; baseline -0.007 -11"><span class='ocrx_word' id='word_1_84' title='bbox 25 1849 88 1898; x_wconf 83' lang='lat' dir='ltr'>una</span> <span class='ocrx_word' id='word_1_85' title='bbox 107 1829 190 1896; x_wconf 88' lang='lat' dir='ltr'>serie</span> <span class='ocrx_word' id='word_1_86' title='bbox 206 1826 492 1909; x_wconf 83' lang='lat' dir='ltr'>continuavimus,</span> <span class='ocrx_word' id='word_1_87' title='bbox 517 1831 572 1896; x_wconf 89' lang='lat' dir='ltr'>sed</span> <span class='ocrx_word' id='word_1_88' title='bbox 586 1828 622 1896; x_wconf 91' lang='lat' dir='ltr'>in</span> <span class='ocrx_word' id='word_1_89' title='bbox 635 1831 797 1898; x_wconf 88' lang='lat' dir='ltr'>sectiones</span> <span class='ocrx_word' id='word_1_90' title='bbox 809 1828 963 1896; x_wconf 83' lang='lat' dir='ltr'>distinxi·</span> <span class='ocrx_word' id='word_1_91' title='bbox 1060 1901 1064 1908; x_wconf 47' lang='grc'><strong>,</strong></span> 
     </span>
    </p>
   </div>
   <div class='ocr_carea' id='block_1_4' title="bbox 21 1927 1038 3894">
    <p class='ocr_par' dir='ltr' id='par_1_4' title="bbox 24 1927 1038 2963">
     <span class='ocr_line' id='line_1_14' title="bbox 25 1927 1009 2041; baseline 0.002 -30"><span class='ocrx_word' id='word_1_92' title='bbox 25 1965 114 2012; x_wconf 89' lang='lat' dir='ltr'>mus.</span> <span class='ocrx_word' id='word_1_93' title='bbox 160 1942 235 2031; x_wconf 85' lang='lat' dir='ltr'>Qua</span> <span class='ocrx_word' id='word_1_94' title='bbox 252 1943 286 2008; x_wconf 95' lang='lat' dir='ltr'>in</span> <span class='ocrx_word' id='word_1_95' title='bbox 306 1960 338 2008; x_wconf 91' lang='lat' dir='ltr'>re</span> <span class='ocrx_word' id='word_1_96' title='bbox 352 1961 452 2022; x_wconf 89' lang='lat' dir='ltr'>quum</span> <span class='ocrx_word' id='word_1_97' title='bbox 472 1961 599 2041; x_wconf 81' lang='lat' dir='ltr'>possem</span> <span class='ocrx_word' id='word_1_98' title='bbox 618 1943 793 2010; x_wconf 81' lang='lat' dir='ltr'>versiones</span> <span class='ocrx_word' id='word_1_99' title='bbox 814 1945 863 2008; x_wconf 90' lang='lat' dir='ltr'>vel</span> <span class='ocrx_word' id='word_1_100' title='bbox 888 1963 961 2014; x_wconf 80' lang='lat' dir='ltr'>xv·</span> <span class='ocrx_word' id='word_1_101' title='bbox 1002 1927 1009 1944; x_wconf 74' lang='grc'><strong><em>’</em></strong></span> 
     </span>
     <span class='ocr_line' id='line_1_15' title="bbox 25 2059 963 2142; baseline -0.002 -12"><span class='ocrx_word' id='word_1_102' title='bbox 25 2077 211 2130; x_wconf 70' lang='lat' dir='ltr'>sennar</span> <span class='ocrx_word' id='word_1_103' title='bbox 234 2059 286 2124; x_wconf 91' lang='lat' dir='ltr'>vel</span> <span class='ocrx_word' id='word_1_104' title='bbox 306 2077 485 2130; x_wconf 77' lang='lat' dir='ltr'>aurosa</span> <span class='ocrx_word' id='word_1_105' title='bbox 504 2061 621 2141; x_wconf 89' lang='lat' dir='ltr'>sequi,</span> <span class='ocrx_word' id='word_1_106' title='bbox 647 2079 752 2126; x_wconf 87' lang='lat' dir='ltr'>meum</span> <span class='ocrx_word' id='word_1_107' title='bbox 769 2073 874 2126; x_wconf 77' lang='lat' dir='ltr'>umen</span> <span class='ocrx_word' id='word_1_108' title='bbox 891 2059 963 2142; x_wconf 85' lang='lat' dir='ltr'>ipse</span> 
     </span>
     <span class='ocr_line' id='line_1_16' title="bbox 24 2174 963 2264; baseline -0.004 -20"><span class='ocrx_word' id='word_1_109' title='bbox 24 2176 187 2264; x_wconf 86' lang='lat' dir='ltr'>judicium</span> <span class='ocrx_word' id='word_1_110' title='bbox 210 2175 303 2258; x_wconf 87' lang='lat' dir='ltr'>sequi</span> <span class='ocrx_word' id='word_1_111' title='bbox 321 2175 431 2244; x_wconf 85' lang='lat' dir='ltr'>malui.</span> <span class='ocrx_word' id='word_1_112' title='bbox 473 2174 512 2242; x_wconf 90' lang='lat' dir='ltr'>ln</span> <span class='ocrx_word' id='word_1_113' title='bbox 538 2177 708 2248; x_wconf 83' lang='lat' dir='ltr'>nonnullis</span> <span class='ocrx_word' id='word_1_114' title='bbox 732 2175 841 2259; x_wconf 89' lang='lat' dir='ltr'>ipsum</span> <span class='ocrx_word' id='word_1_115' title='bbox 865 2191 963 2258; x_wconf 76' lang='lat' dir='ltr'>argu·</span> 
     </span>
     <span class='ocr_line' id='line_1_17' title="bbox 29 2287 960 2371; baseline -0.004 -14"><span class='ocrx_word' id='word_1_116' title='bbox 29 2303 180 2358; x_wconf 87' lang='lat' dir='ltr'>mentum</span> <span class='ocrx_word' id='word_1_117' title='bbox 195 2303 309 2356; x_wconf 89' lang='lat' dir='ltr'>rectam</span> <span class='ocrx_word' id='word_1_118' title='bbox 329 2287 584 2356; x_wconf 86' lang='lat' dir='ltr'>distributionem</span> <span class='ocrx_word' id='word_1_119' title='bbox 606 2293 813 2371; x_wconf 59' lang='lat' dir='ltr'>ostendebat,</span> <span class='ocrx_word' id='word_1_120' title='bbox 837 2287 960 2371; x_wconf 90' lang='lat' dir='ltr'>veluti,</span> 
     </span>
     <span class='ocr_line' id='line_1_18' title="bbox 27 2406 962 2498; baseline -0.003 -21"><span class='ocrx_word' id='word_1_121' title='bbox 27 2426 70 2477; x_wconf 89' lang='lat' dir='ltr'>ut</span> <span class='ocrx_word' id='word_1_122' title='bbox 96 2409 162 2478; x_wconf 88' lang='lat' dir='ltr'>hoc</span> <span class='ocrx_word' id='word_1_123' title='bbox 181 2422 271 2490; x_wconf 89' lang='lat' dir='ltr'>utar,</span> <span class='ocrx_word' id='word_1_124' title='bbox 293 2406 408 2474; x_wconf 88' lang='lat' dir='ltr'>inillis</span> <span class='ocrx_word' id='word_1_125' title='bbox 425 2407 556 2475; x_wconf 90' lang='lat' dir='ltr'>duobus</span> <span class='ocrx_word' id='word_1_126' title='bbox 582 2407 622 2474; x_wconf 78' lang='lat' dir='ltr'>de</span> <span class='ocrx_word' id='word_1_127' title='bbox 637 2407 896 2498; x_wconf 65' lang='lat' dir='ltr'>repugnamus,</span> <span class='ocrx_word' id='word_1_128' title='bbox 927 2417 962 2474; x_wconf 89' lang='lat' dir='ltr'>ct</span> 
     </span>
     <span class='ocr_line' id='line_1_19' title="bbox 28 2523 960 2608; baseline -0.009 -13"><span class='ocrx_word' id='word_1_129' title='bbox 28 2530 69 2598; x_wconf 79' lang='lat' dir='ltr'>de</span> <span class='ocrx_word' id='word_1_130' title='bbox 101 2527 265 2604; x_wconf 82' lang='lat' dir='ltr'>Notirir&#39;s,</span> <span class='ocrx_word' id='word_1_131' title='bbox 294 2523 447 2594; x_wconf 80' lang='lat' dir='ltr'>adversus</span> <span class='ocrx_word' id='word_1_132' title='bbox 472 2525 611 2606; x_wconf 84' lang='lat' dir='ltr'>Stoicos,</span> <span class='ocrx_word' id='word_1_133' title='bbox 642 2541 673 2592; x_wconf 89' lang='lat' dir='ltr'>et</span> <span class='ocrx_word' id='word_1_134' title='bbox 697 2525 769 2593; x_wconf 88' lang='lat' dir='ltr'>aliis</span> <span class='ocrx_word' id='word_1_135' title='bbox 794 2524 960 2608; x_wconf 86' lang='lat' dir='ltr'>pluribus.</span> 
     </span>
     <span class='ocr_line' id='line_1_20' title="bbox 27 2641 962 2726; baseline -0.011 -10"><span class='ocrx_word' id='word_1_136' title='bbox 27 2645 66 2716; x_wconf 86' lang='lat' dir='ltr'>ln</span> <span class='ocrx_word' id='word_1_137' title='bbox 92 2645 225 2712; x_wconf 90' lang='lat' dir='ltr'>duobus</span> <span class='ocrx_word' id='word_1_138' title='bbox 257 2643 395 2725; x_wconf 88' lang='lat' dir='ltr'>denique</span> <span class='ocrx_word' id='word_1_139' title='bbox 418 2643 551 2710; x_wconf 83' lang='lat' dir='ltr'>maxime</span> <span class='ocrx_word' id='word_1_140' title='bbox 575 2643 786 2726; x_wconf 81' lang='lat' dir='ltr'>frequentatis</span> <span class='ocrx_word' id='word_1_141' title='bbox 816 2641 856 2708; x_wconf 78' lang='lat' dir='ltr'>do</span> <span class='ocrx_word' id='word_1_142' title='bbox 875 2642 962 2722; x_wconf 65' lang='lat' dir='ltr'>Pur,</span> 
     </span>
     <span class='ocr_line' id='line_1_21' title="bbox 30 2757 1038 2843; baseline -0.012 -10"><span class='ocrx_word' id='word_1_143' title='bbox 30 2781 146 2834; x_wconf 80' lang='lat' dir='ltr'>rorum</span> <span class='ocrx_word' id='word_1_144' title='bbox 163 2757 370 2829; x_wconf 76' lang='lat' dir='ltr'>Educatiotrc</span> <span class='ocrx_word' id='word_1_145' title='bbox 385 2772 417 2824; x_wconf 92' lang='lat' dir='ltr'>et</span> <span class='ocrx_word' id='word_1_146' title='bbox 430 2759 470 2824; x_wconf 75' lang='lat' dir='ltr'>de</span> <span class='ocrx_word' id='word_1_147' title='bbox 484 2757 625 2843; x_wconf 76' lang='lat' dir='ltr'>legendis</span> <span class='ocrx_word' id='word_1_148' title='bbox 642 2757 772 2841; x_wconf 79' lang='lat' dir='ltr'>Portis,</span> <span class='ocrx_word' id='word_1_149' title='bbox 789 2760 966 2841; x_wconf 82' lang='lat' dir='ltr'>pervulga·</span> <span class='ocrx_word' id='word_1_150' title='bbox 1033 2760 1038 2769; x_wconf 90' lang='lat'>&#39;</span> 
     </span>
     <span class='ocr_line' id='line_1_22' title="bbox 30 2873 487 2963; baseline -0.022 -11"><span class='ocrx_word' id='word_1_151' title='bbox 30 2897 98 2952; x_wconf 82' lang='lat' dir='ltr'>tam</span> <span class='ocrx_word' id='word_1_152' title='bbox 118 2877 329 2963; x_wconf 86' lang='lat' dir='ltr'>partitionem</span> <span class='ocrx_word' id='word_1_153' title='bbox 351 2873 487 2943; x_wconf 87' lang='lat' dir='ltr'>retinui.</span> 
     </span>
    </p>

    <p class='ocr_par' dir='ltr' id='par_1_5' title="bbox 21 2988 970 3894">
     <span class='ocr_line' id='line_1_23' title="bbox 75 2988 968 3073; baseline -0.004 -10"><span class='ocrx_word' id='word_1_154' title='bbox 75 2997 185 3064; x_wconf 81' lang='lat' dir='ltr'>Altera</span> <span class='ocrx_word' id='word_1_155' title='bbox 213 2991 360 3063; x_wconf 89' lang='lat' dir='ltr'>materiae</span> <span class='ocrx_word' id='word_1_156' title='bbox 384 3009 457 3073; x_wconf 86' lang='lat' dir='ltr'>pars</span> <span class='ocrx_word' id='word_1_157' title='bbox 473 2991 659 3058; x_wconf 87' lang='lat' dir='ltr'>continetur</span> <span class='ocrx_word' id='word_1_158' title='bbox 679 2989 779 3058; x_wconf 85' lang='lat' dir='ltr'>Notis</span> <span class='ocrx_word' id='word_1_159' title='bbox 795 2988 968 3059; x_wconf 81' lang='lat' dir='ltr'>contextui</span> 
     </span>
     <span class='ocr_line' id='line_1_24' title="bbox 32 3105 965 3196; baseline -0.006 -20"><span class='ocrx_word' id='word_1_160' title='bbox 32 3110 205 3196; x_wconf 80' lang='lat' dir='ltr'>subjectis,</span> <span class='ocrx_word' id='word_1_161' title='bbox 251 3107 321 3176; x_wconf 83' lang='lat' dir='ltr'>Hae</span> <span class='ocrx_word' id='word_1_162' title='bbox 339 3107 379 3172; x_wconf 85' lang='lat' dir='ltr'>ad</span> <span class='ocrx_word' id='word_1_163' title='bbox 396 3106 660 3172; x_wconf 87' lang='lat' dir='ltr'>Emendationem</span> <span class='ocrx_word' id='word_1_164' title='bbox 679 3105 883 3187; x_wconf 83' lang='lat' dir='ltr'>referuntur,</span> <span class='ocrx_word' id='word_1_165' title='bbox 905 3122 965 3170; x_wconf 89' lang='lat' dir='ltr'>nec</span> 
     </span>
     <span class='ocr_line' id='line_1_25' title="bbox 33 3223 967 3309; baseline -0.012 -12"><span class='ocrx_word' id='word_1_166' title='bbox 33 3226 334 3309; x_wconf 83' lang='lat' dir='ltr'>interpretationem</span> <span class='ocrx_word' id='word_1_167' title='bbox 353 3224 517 3308; x_wconf 85' lang='lat' dir='ltr'>attingunt</span> <span class='ocrx_word' id='word_1_168' title='bbox 534 3223 601 3290; x_wconf 88' lang='lat' dir='ltr'>nisi</span> <span class='ocrx_word' id='word_1_169' title='bbox 613 3242 774 3306; x_wconf 86' lang='lat' dir='ltr'>quatenus</span> <span class='ocrx_word' id='word_1_170' title='bbox 791 3223 831 3288; x_wconf 81' lang='lat' dir='ltr'>al</span> <span class='ocrx_word' id='word_1_171' title='bbox 848 3223 967 3287; x_wconf 75' lang='lat' dir='ltr'>Emen-</span> 
     </span>
     <span class='ocr_line' id='line_1_26' title="bbox 34 3337 967 3430; baseline -0.009 -16"><span class='ocrx_word' id='word_1_172' title='bbox 34 3345 196 3414; x_wconf 89' lang='lat' dir='ltr'>dationem</span> <span class='ocrx_word' id='word_1_173' title='bbox 220 3342 371 3430; x_wconf 78' lang='lat' dir='ltr'>pertinet.</span> <span class='ocrx_word' id='word_1_174' title='bbox 414 3339 518 3426; x_wconf 83' lang='lat' dir='ltr'>igitur</span> <span class='ocrx_word' id='word_1_175' title='bbox 533 3357 703 3408; x_wconf 82' lang='lat' dir='ltr'>versantur</span> <span class='ocrx_word' id='word_1_176' title='bbox 720 3339 754 3406; x_wconf 91' lang='lat' dir='ltr'>in</span> <span class='ocrx_word' id='word_1_177' title='bbox 772 3337 895 3422; x_wconf 87' lang='lat' dir='ltr'>triplici</span> <span class='ocrx_word' id='word_1_178' title='bbox 912 3357 967 3424; x_wconf 83' lang='lat' dir='ltr'>ge·</span> 
     </span>
     <span class='ocr_line' id='line_1_27' title="bbox 33 3455 964 3552; baseline -0.013 -22"><span class='ocrx_word' id='word_1_179' title='bbox 33 3479 136 3536; x_wconf 84' lang='lat' dir='ltr'>neret</span> <span class='ocrx_word' id='word_1_180' title='bbox 159 3461 288 3546; x_wconf 85' lang='lat' dir='ltr'>primo,</span> <span class='ocrx_word' id='word_1_181' title='bbox 312 3459 368 3528; x_wconf 91' lang='lat' dir='ltr'>ubi</span> <span class='ocrx_word' id='word_1_182' title='bbox 393 3479 478 3526; x_wconf 88' lang='lat' dir='ltr'>nova</span> <span class='ocrx_word' id='word_1_183' title='bbox 504 3457 602 3524; x_wconf 90' lang='lat' dir='ltr'>lectio</span> <span class='ocrx_word' id='word_1_184' title='bbox 630 3457 806 3540; x_wconf 84' lang='lat' dir='ltr'>recipitur:</span> <span class='ocrx_word' id='word_1_185' title='bbox 839 3455 964 3552; x_wconf 85' lang='lat' dir='ltr'>altero,</span> 
     </span>
     <span class='ocr_line' id='line_1_28' title="bbox 31 3571 970 3665; baseline -0.009 -19"><span class='ocrx_word' id='word_1_186' title='bbox 31 3579 95 3652; x_wconf 90' lang='lat' dir='ltr'>ubi</span> <span class='ocrx_word' id='word_1_187' title='bbox 114 3581 298 3664; x_wconf 86' lang='lat' dir='ltr'>conjectura</span> <span class='ocrx_word' id='word_1_188' title='bbox 323 3575 538 3660; x_wconf 72' lang='lat' dir='ltr'>proponitur:</span> <span class='ocrx_word' id='word_1_189' title='bbox 571 3573 695 3655; x_wconf 91' lang='lat' dir='ltr'>tertio,</span> <span class='ocrx_word' id='word_1_190' title='bbox 718 3573 774 3638; x_wconf 89' lang='lat' dir='ltr'>ubi</span> <span class='ocrx_word' id='word_1_191' title='bbox 801 3571 897 3638; x_wconf 87' lang='lat' dir='ltr'>dubia</span> <span class='ocrx_word' id='word_1_192' title='bbox 916 3585 970 3665; x_wconf 72' lang='lat' dir='ltr'>est⁸</span> 
     </span>
     <span class='ocr_line' id='line_1_29' title="bbox 31 3683 968 3778; baseline -0.015 -18"><span class='ocrx_word' id='word_1_193' title='bbox 31 3693 183 3778; x_wconf 85' lang='lat' dir='ltr'>vulgatae</span> <span class='ocrx_word' id='word_1_194' title='bbox 204 3691 379 3758; x_wconf 84' lang='lat' dir='ltr'>auctoritas</span> <span class='ocrx_word' id='word_1_195' title='bbox 396 3689 575 3770; x_wconf 85' lang='lat' dir='ltr'>lectionis,</span> <span class='ocrx_word' id='word_1_196' title='bbox 597 3700 652 3754; x_wconf 83' lang='lat' dir='ltr'>rut</span> <span class='ocrx_word' id='word_1_197' title='bbox 669 3687 731 3752; x_wconf 87' lang='lat' dir='ltr'>alia</span> <span class='ocrx_word' id='word_1_198' title='bbox 749 3683 851 3751; x_wconf 88' lang='lat' dir='ltr'>fertur</span> <span class='ocrx_word' id='word_1_199' title='bbox 866 3700 968 3764; x_wconf 86' lang='lat' dir='ltr'>aeque</span> 
     </span>
     <span class='ocr_line' id='line_1_30' title="bbox 21 3798 968 3894; baseline -0.013 -17"><span class='ocrx_word' id='word_1_200' title='bbox 21 3809 228 3894; x_wconf 75' lang='lat' dir='ltr'>probabilis.</span> <span class='ocrx_word' id='word_1_201' title='bbox 267 3807 397 3876; x_wconf 87' lang='lat' dir='ltr'>Novam</span> <span class='ocrx_word' id='word_1_202' title='bbox 413 3808 581 3874; x_wconf 89' lang='lat' dir='ltr'>lectionem</span> <span class='ocrx_word' id='word_1_203' title='bbox 597 3821 761 3888; x_wconf 84' lang='lat' dir='ltr'>nusquam</span> <span class='ocrx_word' id='word_1_204' title='bbox 777 3802 878 3886; x_wconf 90' lang='lat' dir='ltr'>recepi</span> <span class='ocrx_word' id='word_1_205' title='bbox 901 3798 968 3868; x_wconf 87' lang='lat' dir='ltr'>nisi</span> 
     </span>
    </p>
   </div>
   <div class='ocr_carea' id='block_1_5' title="bbox 13 3919 974 4114">
    <p class='ocr_par' dir='ltr' id='par_1_6' title="bbox 13 3919 974 4114">
     <span class='ocr_line' id='line_1_31' title="bbox 22 3919 969 4016; baseline -0.023 -12"><span class='ocrx_word' id='word_1_206' title='bbox 22 3925 119 4004; x_wconf 72' lang='lat' dir='ltr'>itan</span> <span class='ocrx_word' id='word_1_207' title='bbox 133 3928 302 4005; x_wconf 78' lang='lat' dir='ltr'>aenaeae</span> <span class='ocrx_word' id='word_1_208' title='bbox 316 3941 347 4016; x_wconf 85' lang='lat' dir='ltr'>et</span> <span class='ocrx_word' id='word_1_209' title='bbox 362 3937 532 4000; x_wconf 85' lang='lat' dir='ltr'>memorata</span> <span class='ocrx_word' id='word_1_210' title='bbox 547 3921 690 4009; x_wconf 73' lang='lat' dir='ltr'>vulgata.</span> <span class='ocrx_word' id='word_1_211' title='bbox 734 3919 798 3988; x_wconf 81' lang='lat' dir='ltr'>sed</span> <span class='ocrx_word' id='word_1_212' title='bbox 813 3919 969 4007; x_wconf 64' lang='lat' dir='ltr'>vultam,</span> 
     </span>
     <span class='ocr_line' id='line_1_32' title="bbox 13 4039 974 4114; baseline -0.016 -3"><span class='ocrx_word' id='word_1_213' title='bbox 13 4061 26 4111; x_wconf 83' lang='lat' dir='ltr'>t</span> <span class='ocrx_word' id='word_1_214' title='bbox 59 4107 65 4114; x_wconf 92' lang='lat'>.</span> <span class='ocrx_word' id='word_1_215' title='bbox 874 4039 974 4110; x_wconf 73' lang='lat' dir='ltr'>quam</span> 
     </span>
    </p>
   </div>
   <div class='ocr_carea' id='block_1_6' title="bbox 0 0 1229 4718">
    <p class='ocr_par' dir='ltr' id='par_1_7' title="bbox 0 0 1229 4718">
     <span class='ocr_line' id='line_1_33' title="bbox 0 0 1229 4718; baseline 0 0"><span class='ocrx_word' id='word_1_216' title='bbox 0 0 1229 4718; x_wconf 95' lang='lat' dir='ltr'> </span> 
     </span>
    </p>
   </div>
  </div>
 </body>
</html>
