2506 4712
270 331 349 419 ,so-
427 318 565 394 vrrs
601 317 648 390 n.
687 312 1037 386 tununeurt·

273 514 354 582 mise
370 513 589 590 curatorum,
609 503 709 592 gretia
724 501 891 572 floruisset
908 517 1053 583 remque
1069 500 1202 584 guia·

273 629 437 708 mnne,
468 637 624 709 quantum
654 631 794 705 posset,
822 619 862 683 sd
889 617 976 682 hene·
1001 617 1206 686 etad-affuso

276 747 453 830 supendere
472 733 964 818 illustrandamqueconturisse:
982 749 1120 815 semper
1131 752 1208 814 qno·

276 860 348 927 dam
368 857 461 940 qrresi
480 852 638 922 desiderio
658 867 689 919 et
707 848 881 934 cupiditste
906 850 1095 933 flagrasse,
1116 850 1213 933 buius

279 971 520 1042 Academiaest
535 969 616 1036 iiiud
634 967 863 1051 magnitudinis
879 963 1055 1049 festigium
1076 967 1215 1032 errem·

279 1089 358 1169 dae,
381 1101 421 1153 ut
449 1085 528 1152 alias
554 1081 728 1149 Musarum
746 1081 838 1150 tedes
864 1079 1042 1164 obtereret,
1066 1093 1155 1148 certe
1170 1077 1214 1146 its

274 1217 374 1286 ceput
391 1200 476 1268 inter
492 1217 545 1266 ers
563 1196 710 1280 efferret,

306 1377 450 1456 Quantum
470 1377 548 1442 iente
563 1377 655 1440 soient
672 1375 743 1440 inter
760 1373 875 1440 tibrim
893 1373 1028 1458 cupressi
1046 1369 1069 1451 ζ
1076 1369 1183 1450 rer)t

276 1539 381 1622 quue
398 1551 483 1606 recte
500 1535 657 1625 judicarit
673 1536 718 1603 its
736 1551 770 1602 se
786 1531 922 1603 maxime
935 1529 1159 1615 effecturum,
1176 1532 1215 1602 si

271 1662 314 1730 in
326 1661 440 1728 vscuis
459 1659 647 1744 quibusque
662 1657 821 1726 cathedris
842 1673 1048 1740 prsestentes
1066 1661 1214 1728 doenina

279 1775 485 1844 Professores
501 1776 748 1846 constituendos
766 1772 982 1840 curatoribus
1003 1778 1212 1846 commorde-

284 1907 344 1960 ret.
368 1891 472 1978 igitur
486 1893 519 1961 ia
531 1893 628 1962 noris
640 1890 885 1960 professoribus
897 1893 1079 1975 vocandis,
1094 1893 1210 1962 Ruhn-

276 2010 364 2080 kenii
392 2029 538 2098 semper,
568 2013 621 2079 iel
643 2011 916 2093 comnmissis,
938 2013 991 2079 rel
1013 2013 1209 2100 probando,

275 2128 413 2199 maxime
429 2127 532 2195 naluit
546 2127 718 2213 juducium.

319 2243 434 2332 Magni
461 2243 558 2313 asini
582 2247 684 2311 multa
710 2241 914 2328 insigniaque
941 2241 1035 2310 dedit
1058 2243 1210 2328 specimi-

275 2375 341 2440 na,
363 2359 414 2424 vei
430 2359 467 2424 in
491 2357 691 2444 negligendis
713 2359 848 2426 eliorum
874 2359 1005 2443 iniuriis
1028 2377 1061 2427 et
1077 2359 1207 2426 maledi.

257 2471 361 2555 uis,
381 2471 434 2538 vei
452 2471 486 2538 in
504 2475 749 2542 contemnendis
766 2473 913 2555 divitiis,
929 2475 982 2542 nei
1000 2475 1036 2542 'n
1051 2473 1204 2544 ioannes

271 2587 443 2671 iniquitate
458 2585 609 2668 ferenda,
631 2587 683 2654 vei
701 2587 735 2654 in
750 2587 943 2658 domesticis
963 2591 1199 2660 calamitatibus

275 2705 461 2778 tolerandis.
514 2704 627 2772 Deiera
648 2704 715 2790 ipsi
741 2703 924 2774 Literrnrm
949 2709 1094 2776 cathedra
1115 2707 1201 2775 alio-

275 2837 347 2889 rum
364 2817 514 2888 invidiam
529 2817 740 2886 excitaverat
759 2816 878 2886 exhor
895 2837 1054 2904 numero,
1075 2821 1134 2905 qni
1147 2839 1201 2888 se·

278 2934 370 3003 nusti
385 2950 457 3002 esse
470 2931 612 3013 vellent,
627 2947 701 3000 eum
720 2929 1017 3018 Epigrammetibus
1034 2936 1201 3020 petebent,

279 3049 466 3136 praesertim
485 3031 633 3134 ternpore
643 3068 681 3116 ac
699 3050 829 3117 nomine
845 3047 1058 3133 nuptiarum,
1082 3051 1200 3116 Heren-

279 3169 324 3240 iis
346 3187 419 3236 cum
445 3167 604 3252 Omphale
627 3168 791 3258 negotium
817 3170 852 3234 in
880 3167 989 3251 ipsum
1021 3187 1199 3236 scronmo·

281 3285 406 3352 dantes.
450 3283 527 3369 Ipse
541 3285 680 3352 istorum
706 3283 922 3352 maledicentis
938 3285 1020 3350 adeo
1032 3303 1102 3352 non
1116 3302 1199 3351 eorn-

280 3413 389 3473 motus
408 3413 480 3482 ost,
503 3413 540 3465 ut
561 3417 618 3467 eos
642 3401 780 3482 rideret,
801 3419 836 3467 sc
862 3417 976 3468 versus
995 3401 1074 3468 illos
1091 3401 1199 3468 amicis

277 3519 460 3603 perjurum
480 3517 645 3600 recitaret,
675 3537 733 3586 nee
759 3519 889 3601 publice
907 3516 985 3600 quid
1012 3529 1196 3602 reponeret,

276 3634 427 3718 privatim
449 3633 512 3702 hoc
538 3651 636 3702 unum
663 3633 803 3723 dicum,
835 3633 916 3702 Istas
932 3631 1061 3724 quidem
1072 3643 1195 3722 poetas·

478 3785 482 3798 ·
1131 3757 1195 3812 tros

313 3909 788 4006 (mormannum.
826 3927 830 3936 ’
975 3985 979 3992 .
