2470 4724
283 291 348 384 584
452 293 589 374 vien
617 295 664 374 D.
692 295 1014 372 RUHNKENH,

332 455 466 557 Annum
477 483 628 563 Lutetiae
639 485 795 572 transegit
809 487 1031 557 Ruhnkeniust
1045 503 1072 556 et
1084 490 1158 558 incre·

289 605 389 679 dibile
413 622 464 673 est
478 606 588 688 dictu,
610 619 692 688 qoot
721 619 785 673 tam
804 605 892 672 brevi
912 607 1012 690 spatio
1025 608 1158 691 decipe·

287 719 331 794 rit
365 718 507 788 ineditos
543 719 808 803 Grammaticos,
837 721 1043 805 Scholiasta,
1071 720 1158 786 iihcto

287 859 362 910 rest
392 855 474 934 quot
500 841 575 907 item
600 841 776 910 contulerit
803 841 906 909 editos
930 841 1089 927 Scriptores
1109 859 1157 906 cun

286 955 457 1032 codicibus
488 957 642 1042 scriptis,
674 955 872 1039 Homerum,
904 955 1086 1039 Hesiodum,
1108 956 1158 1025 ce

286 1067 489 1156 limachum,
534 1071 747 1155 Apollonium
787 1071 978 1153 Rhodium,
1013 1070 1158 1155 Orpheum,

285 1181 473 1267 Plutonem,
495 1187 766 1271 Xenophontem,
789 1189 1007 1269 Athenaeum,
1022 1175 1157 1270 xiihiiostra

288 1315 387 1382 tum,
409 1301 662 1388 Alciphronem,
683 1305 767 1374 elios
782 1323 869 1387 quos
885 1323 1054 1373 enumerare
1062 1305 1158 1384 longum

286 1415 346 1483 sit.
399 1415 547 1504 Quorum
583 1419 726 1486 omnium
757 1436 910 1505 excerpta
942 1434 974 1487 et
1005 1415 1158 1502 antennis,

288 1545 330 1596 ex
350 1530 465 1599 multis
485 1531 541 1600 iiia
562 1530 634 1599 aliis
657 1530 807 1617 Europae
834 1531 1036 1601 bibliothecis
1053 1537 1155 1594 auctaet

156 1649 166 1662 ‘
285 1643 508 1728 locupletata,
531 1644 660 1730 insigne
684 1649 785 1728 shnt,
807 1659 839 1712 et
855 1647 989 1715 unicum
1008 1640 1155 1725 interprim-

182 1801 185 1810 ·
286 1767 361 1838 tos,
384 1755 691 1827 Ruhnkenianornm
708 1758 863 1828 librorum
879 1752 1161 1828 ornamentunetin·

286 1885 514 1941 strumentum.
547 1873 666 1956 Neque
684 1893 761 1942 vero
777 1874 840 1942 sibi
861 1876 926 1942 soli
944 1874 1075 1942 Lutetiae
1086 1867 1158 1946 risit,

287 1991 346 2056 sed
360 1989 473 2062 amieis
490 1989 617 2059 Batavis
643 1992 743 2057 muira
760 1989 794 2058 in
814 1991 876 2058 hoc
901 1991 1068 2058 studiorum
1080 1998 1160 2071 generi

290 2103 394 2177 officia
430 2105 620 2190 praestitit,
653 2103 931 2190 Hemsterhusio,
972 2099 1158 2182 Wessrlissiiis

283 2217 526 2303 Valckenario‚
548 2219 716 2309 nihercio,
740 2221 910 2292 Piersono.
937 2225 1055 2306 ‘Atque
1070 2229 1158 2284 nntuu

286 2335 430 2404 lahorem
446 2337 604 2404 exantlare
622 2353 690 2407 non
705 2339 892 2422 potuisset,
914 2340 977 2408 nisi
991 2337 1116 2406 valuisset
1126 2347 1160 2407 rar

290 2469 387 2532 quom
408 2469 505 2544 supra
524 2449 688 2533 diximus,
711 2454 831 2538 ingenii
853 2455 1015 2540 animique
1032 2449 1160 2524 facilins

158 2581 178 2592 ‘·
283 2565 389 2638 'studii
405 2568 588 2636 constantis
605 2581 637 2634 et
653 2567 811 2653 edicatis,
835 2589 922 2652 quse
938 2563 1161 2656 pnerertiijcr·

287 2685 383 2752 culeo
418 2683 557 2768 quodam
586 2683 735 2770 corporis
765 2686 886 2754 robore
914 2690 1081 2766 niteretur,
1102 2675 1160 2764 quoi

284 2797 366 2870 item
389 2801 424 2868 in
455 2813 528 2869 toto
552 2799 622 2887 ejus
646 2801 760 2868 habitu
786 2816 817 2870 et
841 2819 935 2873 motu
957 2815 1115 2890 apparerem
1137 2805 1159 2856 rt

289 2915 422 2986 venusti
444 2916 593 2984 homines
616 2916 708 3000 quod
732 2915 811 2985 mihi
836 2918 953 3005 viginti
977 2917 1060 2986 annis
1085 2921 1160 2998 potiri

289 3035 398 3110 eodem
419 3034 458 3107 de
474 3051 587 3108 caussa
604 3032 637 3100 in
653 3033 759 3102 eadem
781 3035 860 3108 urhe
876 3027 1160 3122 degentienisinsrr

290 3149 423 3234 quidam
436 3162 561 3218 veteres
579 3147 670 3216 illios
693 3149 864 3220 familiares
889 3164 1067 3230 narmrnnt,
1083 3140 1161 3210 rohin-

276 3267 329 3336 'de
353 3283 425 3334 eum
449 3263 621 3334 Herculem
636 3265 828 3350 Musageten
844 3282 1006 3340 vocarent,
1044 3253 1159 3343 Equidem

286 3381 560 3474 quotiescumque
580 3379 619 3458 de
642 3377 829 3464 Ruhnkenii
851 3379 1021 3476 Rerisiensi
1041 3385 1157 3444 annoto·

217 3521 221 3528 ·
286 3472 380 3590 gito,
412 3496 509 3565 toties
547 3495 627 3562 mihi
660 3493 815 3566 Herculia
841 3500 964 3582 species
990 3509 1056 3562 ante
1079 3485 1158 3555 oculor

289 3617 481 3698 obversatur
504 3617 630 3698 labores
656 3615 732 3694 illos
753 3618 956 3686 enuntiantis.
996 3613 1097 3695 Neque
1114 3599 1157 3668 ui·

237 3817 240 3822 Α
282 3751 373 3809 nrum
397 3735 542 3826 capiebat
566 3735 700 3804 satietas
728 3737 907 3804 mediumve
930 3731 1058 3802 laboris:
1084 3729 1157 3800 eiiii

284 3847 428 3925 uinea
451 3851 703 3942 intermittebat,
732 3853 800 3928 uiri
825 3871 959 3948 corpore
981 3850 1023 3920 ira
1044 3837 1157 3920 deiide·

1045 4021 1054 4042 „
1103 3968 1156 4030 iuis
