<?xml version="1.0" encoding="UTF-8"?>
<!DOCTYPE html PUBLIC "-//W3C//DTD XHTML 1.0 Transitional//EN"
    "http://www.w3.org/TR/xhtml1/DTD/xhtml1-transitional.dtd">
<html xmlns="http://www.w3.org/1999/xhtml" xml:lang="en" lang="en">
 <head>
  <title>
</title>
<meta http-equiv="Content-Type" content="text/html;charset=utf-8" />
  <meta name='ocr-system' content='tesseract 3.04.00' />
  <meta name='ocr-capabilities' content='ocr_page ocr_carea ocr_par ocr_line ocrx_word'/>
</head>
<body>
  <div class='ocr_page' id='page_1' title='image "./opusculavariiar01wyttgoog_0235.png"; bbox 0 0 2562 4708; ppageno 0'>
   <div class='ocr_carea' id='block_1_1' title="bbox 246 302 1020 404">
    <p class='ocr_par' dir='ltr' id='par_1_1' title="bbox 246 302 1020 404">
     <span class='ocr_line' id='line_1_1' title="bbox 246 302 1020 404; baseline 0.004 -22"><span class='ocrx_word' id='word_1_1' title='bbox 246 326 313 404; x_wconf 63' lang='grc' dir='ltr'>ἠς</span> <span class='ocrx_word' id='word_1_2' title='bbox 402 305 658 384; x_wconf 71' lang='lat' dir='ltr'>PRAEFATIO</span> <span class='ocrx_word' id='word_1_3' title='bbox 680 327 728 380; x_wconf 84' lang='lat' dir='ltr'>nx</span> <span class='ocrx_word' id='word_1_4' title='bbox 748 302 874 382; x_wconf 79' lang='lat' dir='ltr'><strong>PRIM.</strong></span> <span class='ocrx_word' id='word_1_5' title='bbox 896 311 1020 396; x_wconf 73' lang='lat' dir='ltr'>eorl.</span> 
     </span>
    </p>
   </div>
   <div class='ocr_carea' id='block_1_2' title="bbox 251 493 1199 4042">
    <p class='ocr_par' dir='ltr' id='par_1_2' title="bbox 251 493 1199 3950">
     <span class='ocr_line' id='line_1_2' title="bbox 253 493 1191 582; baseline 0.009 -16"><span class='ocrx_word' id='word_1_6' title='bbox 253 512 331 574; x_wconf 79' lang='lat' dir='ltr'>sunt</span> <span class='ocrx_word' id='word_1_7' title='bbox 357 498 420 579; x_wconf 87' lang='lat' dir='ltr'>lie,</span> <span class='ocrx_word' id='word_1_8' title='bbox 444 493 502 580; x_wconf 89' lang='lat' dir='ltr'>qul</span> <span class='ocrx_word' id='word_1_9' title='bbox 520 493 623 562; x_wconf 89' lang='lat' dir='ltr'>fontis</span> <span class='ocrx_word' id='word_1_10' title='bbox 638 496 831 564; x_wconf 82' lang='lat' dir='ltr'>amoenitate</span> <span class='ocrx_word' id='word_1_11' title='bbox 845 499 931 582; x_wconf 84' lang='lat' dir='ltr'>capti</span> <span class='ocrx_word' id='word_1_12' title='bbox 946 501 987 568; x_wconf 87' lang='lat' dir='ltr'>acl</span> <span class='ocrx_word' id='word_1_13' title='bbox 1004 519 1077 570; x_wconf 88' lang='lat' dir='ltr'>enm</span> <span class='ocrx_word' id='word_1_14' title='bbox 1095 503 1191 573; x_wconf 70' lang='lat' dir='ltr'>nerl-</span> 
     </span>
     <span class='ocr_line' id='line_1_3' title="bbox 251 589 1190 706; baseline 0.003 -20"><span class='ocrx_word' id='word_1_15' title='bbox 251 589 351 699; x_wconf 50' lang='lat' dir='ltr'>tlent}</span> <span class='ocrx_word' id='word_1_16' title='bbox 373 616 580 701; x_wconf 86' lang='lat' dir='ltr'>ejusdemque</span> <span class='ocrx_word' id='word_1_17' title='bbox 600 613 693 694; x_wconf 86' lang='lat' dir='ltr'>aquis</span> <span class='ocrx_word' id='word_1_18' title='bbox 710 632 805 698; x_wconf 77' lang='lat' dir='ltr'>agros</span> <span class='ocrx_word' id='word_1_19' title='bbox 820 613 969 700; x_wconf 79' lang='lat' dir='ltr'>irrigatus</span> <span class='ocrx_word' id='word_1_20' title='bbox 986 617 1190 706; x_wconf 76' lang='lat' dir='ltr'>fructusque</span> 
     </span>
     <span class='ocr_line' id='line_1_4' title="bbox 251 727 1187 822; baseline 0.003 -21"><span class='ocrx_word' id='word_1_21' title='bbox 251 734 400 822; x_wconf 85' lang='lat' dir='ltr'>proditos</span> <span class='ocrx_word' id='word_1_22' title='bbox 415 731 614 816; x_wconf 72' lang='lat' dir='ltr'>negligunt·</span> <span class='ocrx_word' id='word_1_23' title='bbox 638 727 707 814; x_wconf 89' lang='lat' dir='ltr'>Qui</span> <span class='ocrx_word' id='word_1_24' title='bbox 732 747 799 797; x_wconf 90' lang='lat' dir='ltr'>non</span> <span class='ocrx_word' id='word_1_25' title='bbox 819 729 884 796; x_wconf 87' lang='lat' dir='ltr'>alsi</span> <span class='ocrx_word' id='word_1_26' title='bbox 908 733 1035 800; x_wconf 85' lang='lat' dir='ltr'>solutae</span> <span class='ocrx_word' id='word_1_27' title='bbox 1048 741 1187 812; x_wconf 83' lang='lat' dir='ltr'>student</span> 
     </span>
     <span class='ocr_line' id='line_1_5' title="bbox 254 843 1188 929; baseline -0.004 -5"><span class='ocrx_word' id='word_1_28' title='bbox 254 849 418 929; x_wconf 78' lang='lat' dir='ltr'>orationi,</span> <span class='ocrx_word' id='word_1_29' title='bbox 449 848 482 914; x_wconf 89' lang='lat' dir='ltr'>hi</span> <span class='ocrx_word' id='word_1_30' title='bbox 513 845 679 913; x_wconf 87' lang='lat' dir='ltr'>fructuum</span> <span class='ocrx_word' id='word_1_31' title='bbox 704 843 849 913; x_wconf 85' lang='lat' dir='ltr'>ubertate</span> <span class='ocrx_word' id='word_1_32' title='bbox 875 843 1019 918; x_wconf 76' lang='lat' dir='ltr'>contenti</span> <span class='ocrx_word' id='word_1_33' title='bbox 1047 871 1113 922; x_wconf 91' lang='lat' dir='ltr'>non</span> <span class='ocrx_word' id='word_1_34' title='bbox 1139 855 1188 921; x_wconf 88' lang='lat' dir='ltr'>ad</span> 
     </span>
     <span class='ocr_line' id='line_1_6' title="bbox 253 949 1192 1052; baseline -0.001 -15"><span class='ocrx_word' id='word_1_35' title='bbox 253 949 379 1037; x_wconf 73' lang='lat' dir='ltr'>fontem</span> <span class='ocrx_word' id='word_1_36' title='bbox 400 963 602 1048; x_wconf 88' lang='lat' dir='ltr'>respiciunt,</span> <span class='ocrx_word' id='word_1_37' title='bbox 625 963 723 1047; x_wconf 74' lang='lat' dir='ltr'>carlus</span> <span class='ocrx_word' id='word_1_38' title='bbox 742 959 929 1047; x_wconf 77' lang='lat' dir='ltr'>cognitione</span> <span class='ocrx_word' id='word_1_39' title='bbox 944 981 976 1030; x_wconf 92' lang='lat' dir='ltr'>ct</span> <span class='ocrx_word' id='word_1_40' title='bbox 990 985 1053 1032; x_wconf 90' lang='lat' dir='ltr'>usu</span> <span class='ocrx_word' id='word_1_41' title='bbox 1069 987 1192 1052; x_wconf 77' lang='lat' dir='ltr'>agrum</span> 
     </span>
     <span class='ocr_line' id='line_1_7' title="bbox 256 1075 1187 1166; baseline 0.012 -20"><span class='ocrx_word' id='word_1_42' title='bbox 256 1081 455 1159; x_wconf 80' lang='lat' dir='ltr'>exhilarent,</span> <span class='ocrx_word' id='word_1_43' title='bbox 486 1075 723 1159; x_wconf 85' lang='lat' dir='ltr'>fructuumque</span> <span class='ocrx_word' id='word_1_44' title='bbox 746 1091 936 1160; x_wconf 83' lang='lat' dir='ltr'>proventum</span> <span class='ocrx_word' id='word_1_45' title='bbox 971 1083 1187 1166; x_wconf 81' lang='lat' dir='ltr'>amplificent.</span> 
     </span>
     <span class='ocr_line' id='line_1_8' title="bbox 257 1192 1191 1284; baseline 0.006 -22"><span class='ocrx_word' id='word_1_46' title='bbox 257 1223 263 1234; x_wconf 93' lang='lat'>·</span> <span class='ocrx_word' id='word_1_47' title='bbox 301 1195 387 1274; x_wconf 77' lang='lat' dir='ltr'>Sed,</span> <span class='ocrx_word' id='word_1_48' title='bbox 415 1209 453 1261; x_wconf 91' lang='lat' dir='ltr'>ut</span> <span class='ocrx_word' id='word_1_49' title='bbox 476 1206 626 1260; x_wconf 87' lang='lat' dir='ltr'>neutrum</span> <span class='ocrx_word' id='word_1_50' title='bbox 650 1192 951 1278; x_wconf 80' lang='lat' dir='ltr'>negligendnmest</span> <span class='ocrx_word' id='word_1_51' title='bbox 980 1215 1107 1284; x_wconf 77' lang='lat' dir='ltr'>genus,</span> <span class='ocrx_word' id='word_1_52' title='bbox 1140 1203 1191 1268; x_wconf 81' lang='lat' dir='ltr'>ita</span> 
     </span>
     <span class='ocr_line' id='line_1_9' title="bbox 260 1305 1193 1398; baseline 0.003 -18"><span class='ocrx_word' id='word_1_53' title='bbox 260 1313 370 1398; x_wconf 85' lang='lat' dir='ltr'>quaeri</span> <span class='ocrx_word' id='word_1_54' title='bbox 395 1312 478 1379; x_wconf 88' lang='lat' dir='ltr'>solet</span> <span class='ocrx_word' id='word_1_55' title='bbox 506 1311 544 1376; x_wconf 85' lang='lat' dir='ltr'>ab</span> <span class='ocrx_word' id='word_1_56' title='bbox 573 1324 647 1376; x_wconf 88' lang='lat' dir='ltr'>utro</span> <span class='ocrx_word' id='word_1_57' title='bbox 673 1307 801 1376; x_wconf 89' lang='lat' dir='ltr'>initium</span> <span class='ocrx_word' id='word_1_58' title='bbox 829 1305 896 1378; x_wconf 83' lang='lat' dir='ltr'>fieti</span> <span class='ocrx_word' id='word_1_59' title='bbox 923 1314 1043 1385; x_wconf 80' lang='lat' dir='ltr'>debete.</span> <span class='ocrx_word' id='word_1_60' title='bbox 1099 1316 1193 1383; x_wconf 87' lang='lat' dir='ltr'>Sunt</span> 
     </span>
     <span class='ocr_line' id='line_1_10' title="bbox 261 1423 1191 1514; baseline 0.004 -20"><span class='ocrx_word' id='word_1_61' title='bbox 261 1431 319 1514; x_wconf 90' lang='lat' dir='ltr'>qui</span> <span class='ocrx_word' id='word_1_62' title='bbox 343 1427 519 1494; x_wconf 88' lang='lat' dir='ltr'>Homerum</span> <span class='ocrx_word' id='word_1_63' title='bbox 547 1423 663 1492; x_wconf 82' lang='lat' dir='ltr'>veiintt</span> <span class='ocrx_word' id='word_1_64' title='bbox 688 1440 767 1494; x_wconf 85' lang='lat' dir='ltr'>sunt</span> <span class='ocrx_word' id='word_1_65' title='bbox 793 1428 851 1509; x_wconf 88' lang='lat' dir='ltr'>qui</span> <span class='ocrx_word' id='word_1_66' title='bbox 879 1429 1002 1496; x_wconf 71' lang='lat' dir='ltr'>tolutoe</span> <span class='ocrx_word' id='word_1_67' title='bbox 1026 1432 1191 1514; x_wconf 68' lang='lat' dir='ltr'>omtloniq</span> 
     </span>
     <span class='ocr_line' id='line_1_11' title="bbox 259 1541 1194 1632; baseline 0.002 -16"><span class='ocrx_word' id='word_1_68' title='bbox 259 1547 369 1616; x_wconf 81' lang='lat' dir='ltr'>facilis</span> <span class='ocrx_word' id='word_1_69' title='bbox 389 1565 424 1612; x_wconf 80' lang='lat' dir='ltr'>te</span> <span class='ocrx_word' id='word_1_70' title='bbox 450 1541 639 1628; x_wconf 70' lang='lat' dir='ltr'>perspicuae</span> <span class='ocrx_word' id='word_1_71' title='bbox 663 1542 858 1627; x_wconf 73' lang='lat' dir='ltr'>scriptorem</span> <span class='ocrx_word' id='word_1_72' title='bbox 880 1547 1003 1622; x_wconf 68' lang='lat' dir='ltr'>malint.</span> <span class='ocrx_word' id='word_1_73' title='bbox 1046 1550 1194 1632; x_wconf 82' lang='lat' dir='ltr'>Utrique</span> 
     </span>
     <span class='ocr_line' id='line_1_12' title="bbox 259 1655 1192 1748; baseline -0.004 -22"><span class='ocrx_word' id='word_1_74' title='bbox 259 1661 378 1748; x_wconf 80' lang='lat' dir='ltr'>partim</span> <span class='ocrx_word' id='word_1_75' title='bbox 396 1667 501 1738; x_wconf 86' lang='lat' dir='ltr'>reete,</span> <span class='ocrx_word' id='word_1_76' title='bbox 522 1655 639 1741; x_wconf 87' lang='lat' dir='ltr'>partim</span> <span class='ocrx_word' id='word_1_77' title='bbox 657 1672 773 1728; x_wconf 79' lang='lat' dir='ltr'>scona:</span> <span class='ocrx_word' id='word_1_78' title='bbox 791 1672 899 1739; x_wconf 85' lang='lat' dir='ltr'>recte,</span> <span class='ocrx_word' id='word_1_79' title='bbox 916 1660 944 1726; x_wconf 85' lang='lat' dir='ltr'>si</span> <span class='ocrx_word' id='word_1_80' title='bbox 961 1661 1105 1728; x_wconf 87' lang='lat' dir='ltr'>discendi</span> <span class='ocrx_word' id='word_1_81' title='bbox 1124 1664 1192 1729; x_wconf 80' lang='lat' dir='ltr'>ini.</span> 
     </span>
     <span class='ocr_line' id='line_1_13' title="bbox 263 1768 1196 1855; baseline 0.003 -14"><span class='ocrx_word' id='word_1_82' title='bbox 263 1775 347 1842; x_wconf 92' lang='lat' dir='ltr'>tium</span> <span class='ocrx_word' id='word_1_83' title='bbox 364 1790 383 1840; x_wconf 80' lang='lat' dir='ltr'>t</span> <span class='ocrx_word' id='word_1_84' title='bbox 400 1787 518 1855; x_wconf 87' lang='lat' dir='ltr'>prosae</span> <span class='ocrx_word' id='word_1_85' title='bbox 543 1769 732 1852; x_wconf 84' lang='lat' dir='ltr'>scriptore,</span> <span class='ocrx_word' id='word_1_86' title='bbox 755 1768 877 1853; x_wconf 76' lang='lat' dir='ltr'>legendi</span> <span class='ocrx_word' id='word_1_87' title='bbox 894 1771 934 1836; x_wconf 92' lang='lat' dir='ltr'>ab</span> <span class='ocrx_word' id='word_1_88' title='bbox 952 1770 1098 1845; x_wconf 86' lang='lat' dir='ltr'>Homero</span> <span class='ocrx_word' id='word_1_89' title='bbox 1120 1773 1196 1844; x_wconf 75' lang='lat' dir='ltr'>fieri</span> 
     </span>
     <span class='ocr_line' id='line_1_14' title="bbox 261 1885 1192 1972; baseline 0 -14"><span class='ocrx_word' id='word_1_90' title='bbox 261 1890 400 1958; x_wconf 80' lang='lat' dir='ltr'>voluntt</span> <span class='ocrx_word' id='word_1_91' title='bbox 433 1903 548 1966; x_wconf 89' lang='lat' dir='ltr'>secus,</span> <span class='ocrx_word' id='word_1_92' title='bbox 577 1885 606 1949; x_wconf 85' lang='lat' dir='ltr'>si</span> <span class='ocrx_word' id='word_1_93' title='bbox 634 1885 755 1952; x_wconf 88' lang='lat' dir='ltr'>discere</span> <span class='ocrx_word' id='word_1_94' title='bbox 780 1904 817 1956; x_wconf 78' lang='lat' dir='ltr'>ac</span> <span class='ocrx_word' id='word_1_95' title='bbox 843 1887 943 1972; x_wconf 82' lang='lat' dir='ltr'>legere</span> <span class='ocrx_word' id='word_1_96' title='bbox 966 1889 1192 1968; x_wconf 82' lang='lat' dir='ltr'>confundunt,</span> 
     </span>
     <span class='ocr_line' id='line_1_15' title="bbox 263 2000 1196 2098; baseline 0.004 -26"><span class='ocrx_word' id='word_1_97' title='bbox 263 2006 350 2074; x_wconf 77' lang='lat' dir='ltr'>Sane</span> <span class='ocrx_word' id='word_1_98' title='bbox 373 2005 406 2098; x_wconf 82' lang='lat' dir='ltr'>in</span> <span class='ocrx_word' id='word_1_99' title='bbox 427 2001 569 2087; x_wconf 82' lang='lat' dir='ltr'>legendis</span> <span class='ocrx_word' id='word_1_100' title='bbox 593 2000 792 2076; x_wconf 81' lang='lat' dir='ltr'>Auctoribus</span> <span class='ocrx_word' id='word_1_101' title='bbox 809 2017 842 2067; x_wconf 91' lang='lat' dir='ltr'>ct</span> <span class='ocrx_word' id='word_1_102' title='bbox 858 2003 1063 2086; x_wconf 71' lang='lat' dir='ltr'>antiquitatis</span> <span class='ocrx_word' id='word_1_103' title='bbox 1076 2010 1196 2093; x_wconf 85' lang='lat' dir='ltr'>cogni·</span> 
     </span>
     <span class='ocr_line' id='line_1_16' title="bbox 265 2117 1195 2204; baseline 0.004 -17"><span class='ocrx_word' id='word_1_104' title='bbox 265 2121 357 2192; x_wconf 90' lang='lat' dir='ltr'>tione</span> <span class='ocrx_word' id='word_1_105' title='bbox 371 2137 428 2201; x_wconf 90' lang='lat' dir='ltr'>per</span> <span class='ocrx_word' id='word_1_106' title='bbox 443 2119 572 2184; x_wconf 88' lang='lat' dir='ltr'>illorum</span> <span class='ocrx_word' id='word_1_107' title='bbox 588 2117 759 2184; x_wconf 84' lang='lat' dir='ltr'>lectionem</span> <span class='ocrx_word' id='word_1_108' title='bbox 773 2117 954 2204; x_wconf 78' lang='lat' dir='ltr'>colligenda</span> <span class='ocrx_word' id='word_1_109' title='bbox 964 2165 979 2202; x_wconf 89' lang='lat'>,</span> <span class='ocrx_word' id='word_1_110' title='bbox 988 2140 1056 2190; x_wconf 93' lang='lat' dir='ltr'>non</span> <span class='ocrx_word' id='word_1_111' title='bbox 1067 2137 1116 2190; x_wconf 84' lang='lat' dir='ltr'>est</span> <span class='ocrx_word' id='word_1_112' title='bbox 1131 2125 1195 2192; x_wconf 86' lang='lat' dir='ltr'>du·</span> 
     </span>
     <span class='ocr_line' id='line_1_17' title="bbox 267 2231 1198 2321; baseline 0.001 -22"><span class='ocrx_word' id='word_1_113' title='bbox 267 2235 358 2300; x_wconf 84' lang='lat' dir='ltr'>biorn</span> <span class='ocrx_word' id='word_1_114' title='bbox 384 2233 464 2314; x_wconf 90' lang='lat' dir='ltr'>quin</span> <span class='ocrx_word' id='word_1_115' title='bbox 483 2231 597 2299; x_wconf 89' lang='lat' dir='ltr'>aetatis</span> <span class='ocrx_word' id='word_1_116' title='bbox 615 2233 694 2298; x_wconf 87' lang='lat' dir='ltr'>ordo</span> <span class='ocrx_word' id='word_1_117' title='bbox 713 2235 920 2318; x_wconf 82' lang='lat' dir='ltr'>sequendus,</span> <span class='ocrx_word' id='word_1_118' title='bbox 938 2235 978 2302; x_wconf 89' lang='lat' dir='ltr'>ab</span> <span class='ocrx_word' id='word_1_119' title='bbox 1003 2237 1198 2321; x_wconf 66' lang='lat' dir='ltr'>antiquissi-</span> 
     </span>
     <span class='ocr_line' id='line_1_18' title="bbox 268 2339 1196 2438; baseline 0.008 -23"><span class='ocrx_word' id='word_1_120' title='bbox 268 2368 324 2428; x_wconf 86' lang='lat' dir='ltr'>mo</span> <span class='ocrx_word' id='word_1_121' title='bbox 338 2367 472 2432; x_wconf 88' lang='lat' dir='ltr'>quoque</span> <span class='ocrx_word' id='word_1_122' title='bbox 483 2347 523 2414; x_wconf 89' lang='lat' dir='ltr'>ad</span> <span class='ocrx_word' id='word_1_123' title='bbox 538 2348 720 2432; x_wconf 83' lang='lat' dir='ltr'>proximum</span> <span class='ocrx_word' id='word_1_124' title='bbox 736 2348 888 2434; x_wconf 86' lang='lat' dir='ltr'>deinceps</span> <span class='ocrx_word' id='word_1_125' title='bbox 903 2339 1169 2437; x_wconf 81' lang='lat' dir='ltr'>progrediendum</span> <span class='ocrx_word' id='word_1_126' title='bbox 1179 2403 1196 2438; x_wconf 82' lang='lat'><strong><em>‚</em></strong></span> 
     </span>
     <span class='ocr_line' id='line_1_19' title="bbox 262 2465 1195 2558; baseline 0.004 -26"><span class='ocrx_word' id='word_1_127' title='bbox 262 2465 369 2550; x_wconf 82' lang='lat' dir='ltr'>igitur</span> <span class='ocrx_word' id='word_1_128' title='bbox 384 2484 402 2532; x_wconf 81' lang='lat' dir='ltr'>s</span> <span class='ocrx_word' id='word_1_129' title='bbox 420 2465 730 2550; x_wconf 86' lang='lat' dir='ltr'>principe-omnium</span> <span class='ocrx_word' id='word_1_130' title='bbox 752 2466 894 2534; x_wconf 84' lang='lat' dir='ltr'>Homero</span> <span class='ocrx_word' id='word_1_131' title='bbox 912 2467 1099 2534; x_wconf 88' lang='lat' dir='ltr'>ordiendum</span> <span class='ocrx_word' id='word_1_132' title='bbox 1121 2471 1195 2558; x_wconf 78' lang='lat' dir='ltr'>sit,</span> 
     </span>
     <span class='ocr_line' id='line_1_20' title="bbox 261 2577 1198 2662; baseline 0.005 -16"><span class='ocrx_word' id='word_1_133' title='bbox 261 2597 398 2660; x_wconf 74' lang='lat' dir='ltr'>aquo,</span> <span class='ocrx_word' id='word_1_134' title='bbox 425 2578 527 2648; x_wconf 85' lang='lat' dir='ltr'>veluti</span> <span class='ocrx_word' id='word_1_135' title='bbox 552 2578 665 2661; x_wconf 86' lang='lat' dir='ltr'>fonte,</span> <span class='ocrx_word' id='word_1_136' title='bbox 695 2577 815 2661; x_wconf 81' lang='lat' dir='ltr'>reliqui</span> <span class='ocrx_word' id='word_1_137' title='bbox 839 2599 950 2652; x_wconf 84' lang='lat' dir='ltr'>omnes</span> <span class='ocrx_word' id='word_1_138' title='bbox 970 2597 1003 2650; x_wconf 83' lang='lat' dir='ltr'>nt</span> <span class='ocrx_word' id='word_1_139' title='bbox 1018 2583 1140 2652; x_wconf 68' lang='lat' dir='ltr'>noerae</span> <span class='ocrx_word' id='word_1_140' title='bbox 1161 2601 1198 2662; x_wconf 82' lang='lat' dir='ltr'>et</span> 
     </span>
     <span class='ocr_line' id='line_1_21' title="bbox 262 2692 1196 2782; baseline 0.007 -20"><span class='ocrx_word' id='word_1_141' title='bbox 262 2695 449 2779; x_wconf 65' lang='lat' dir='ltr'>{criptores</span> <span class='ocrx_word' id='word_1_142' title='bbox 463 2709 641 2770; x_wconf 76' lang='lat' dir='ltr'>manarunt,</span> <span class='ocrx_word' id='word_1_143' title='bbox 687 2692 752 2766; x_wconf 74' lang='lat' dir='ltr'>ned</span> <span class='ocrx_word' id='word_1_144' title='bbox 769 2697 848 2768; x_wconf 81' lang='lat' dir='ltr'>haec</span> <span class='ocrx_word' id='word_1_145' title='bbox 863 2709 913 2771; x_wconf 88' lang='lat' dir='ltr'>eat</span> <span class='ocrx_word' id='word_1_146' title='bbox 928 2697 1013 2782; x_wconf 86' lang='lat' dir='ltr'>viri,</span> <span class='ocrx_word' id='word_1_147' title='bbox 1034 2713 1119 2778; x_wconf 78' lang='lat' dir='ltr'>carte</span> <span class='ocrx_word' id='word_1_148' title='bbox 1134 2720 1196 2769; x_wconf 83' lang='lat' dir='ltr'>vn·</span> 
     </span>
     <span class='ocr_line' id='line_1_22' title="bbox 258 2807 1197 2901; baseline 0.009 -25"><span class='ocrx_word' id='word_1_149' title='bbox 258 2810 388 2890; x_wconf 73' lang='lat' dir='ltr'>cerani,</span> <span class='ocrx_word' id='word_1_150' title='bbox 410 2809 508 2876; x_wconf 88' lang='lat' dir='ltr'>lectio</span> <span class='ocrx_word' id='word_1_151' title='bbox 516 2817 538 2892; x_wconf 87' lang='lat'>‚&#39;</span> <span class='ocrx_word' id='word_1_152' title='bbox 548 2810 588 2878; x_wconf 82' lang='lat' dir='ltr'>ad</span> <span class='ocrx_word' id='word_1_153' title='bbox 604 2824 700 2890; x_wconf 84' lang='lat' dir='ltr'>quam</span> <span class='ocrx_word' id='word_1_154' title='bbox 714 2807 843 2894; x_wconf 75' lang='lat' dir='ltr'>lingone</span> <span class='ocrx_word' id='word_1_155' title='bbox 857 2813 1009 2894; x_wconf 82' lang='lat' dir='ltr'>quaedam</span> <span class='ocrx_word' id='word_1_156' title='bbox 1026 2817 1197 2901; x_wconf 82' lang='lat' dir='ltr'>cognitio,</span> 
     </span>
     <span class='ocr_line' id='line_1_23' title="bbox 268 2922 1199 3012; baseline 0.006 -23"><span class='ocrx_word' id='word_1_157' title='bbox 268 2941 328 3008; x_wconf 88' lang='lat' dir='ltr'>per</span> <span class='ocrx_word' id='word_1_158' title='bbox 343 2922 527 2992; x_wconf 85' lang='lat' dir='ltr'>tirocinium</span> <span class='ocrx_word' id='word_1_159' title='bbox 549 2938 678 3006; x_wconf 81' lang='lat' dir='ltr'>parata,</span> <span class='ocrx_word' id='word_1_160' title='bbox 699 2924 867 3000; x_wconf 75' lang='lat' dir='ltr'>adferenda</span> <span class='ocrx_word' id='word_1_161' title='bbox 884 2927 947 3002; x_wconf 77' lang='lat' dir='ltr'>sit.</span> <span class='ocrx_word' id='word_1_162' title='bbox 996 2927 1081 3001; x_wconf 90' lang='lat' dir='ltr'>Nam</span> <span class='ocrx_word' id='word_1_163' title='bbox 1105 2934 1199 3012; x_wconf 81' lang='lat' dir='ltr'>quod</span> 
     </span>
     <span class='ocr_line' id='line_1_24' title="bbox 269 3041 1198 3130; baseline 0.01 -22"><span class='ocrx_word' id='word_1_164' title='bbox 269 3041 337 3108; x_wconf 89' lang='lat' dir='ltr'>lsto</span> <span class='ocrx_word' id='word_1_165' title='bbox 359 3042 507 3110; x_wconf 88' lang='lat' dir='ltr'>nituntur</span> <span class='ocrx_word' id='word_1_166' title='bbox 521 3058 732 3127; x_wconf 82' lang='lat' dir='ltr'>argumento,</span> <span class='ocrx_word' id='word_1_167' title='bbox 754 3045 967 3128; x_wconf 83' lang='lat' dir='ltr'>antiquiorem</span> <span class='ocrx_word' id='word_1_168' title='bbox 994 3065 1062 3114; x_wconf 85' lang='lat' dir='ltr'>esse</span> <span class='ocrx_word' id='word_1_169' title='bbox 1079 3051 1198 3130; x_wconf 73' lang='lat' dir='ltr'>poesin</span> 
     </span>
     <span class='ocr_line' id='line_1_25' title="bbox 266 3157 1195 3246; baseline 0.006 -20"><span class='ocrx_word' id='word_1_170' title='bbox 266 3177 388 3246; x_wconf 82' lang='lat' dir='ltr'>prosa,</span> <span class='ocrx_word' id='word_1_171' title='bbox 409 3173 442 3225; x_wconf 92' lang='lat' dir='ltr'>et</span> <span class='ocrx_word' id='word_1_172' title='bbox 465 3157 595 3226; x_wconf 82' lang='lat' dir='ltr'>Veteres</span> <span class='ocrx_word' id='word_1_173' title='bbox 617 3159 692 3234; x_wconf 87' lang='lat' dir='ltr'>item</span> <span class='ocrx_word' id='word_1_174' title='bbox 713 3161 864 3244; x_wconf 79' lang='lat' dir='ltr'>puerilem</span> <span class='ocrx_word' id='word_1_175' title='bbox 897 3163 1135 3234; x_wconf 87' lang='lat' dir='ltr'>institutionem</span> <span class='ocrx_word' id='word_1_176' title='bbox 1153 3166 1195 3234; x_wconf 88' lang='lat' dir='ltr'>ab</span> 
     </span>
     <span class='ocr_line' id='line_1_26' title="bbox 269 3271 1195 3361; baseline 0.006 -18"><span class='ocrx_word' id='word_1_177' title='bbox 269 3271 415 3348; x_wconf 78' lang='lat' dir='ltr'>Homero</span> <span class='ocrx_word' id='word_1_178' title='bbox 439 3285 471 3342; x_wconf 86' lang='lat' dir='ltr'>et</span> <span class='ocrx_word' id='word_1_179' title='bbox 493 3271 601 3342; x_wconf 77' lang='lat' dir='ltr'>Poetis</span> <span class='ocrx_word' id='word_1_180' title='bbox 625 3293 739 3348; x_wconf 77' lang='lat' dir='ltr'>ortona</span> <span class='ocrx_word' id='word_1_181' title='bbox 769 3276 832 3342; x_wconf 88' lang='lat' dir='ltr'>hoo</span> <span class='ocrx_word' id='word_1_182' title='bbox 858 3275 1009 3360; x_wconf 84' lang='lat' dir='ltr'>profecto</span> <span class='ocrx_word' id='word_1_183' title='bbox 1033 3279 1195 3361; x_wconf 83' lang='lat' dir='ltr'>ejusmodi</span> 
     </span>
     <span class='ocr_line' id='line_1_27' title="bbox 272 3377 1194 3473; baseline 0.013 -18"><span class='ocrx_word' id='word_1_184' title='bbox 272 3404 345 3471; x_wconf 84' lang='lat' dir='ltr'>est,</span> <span class='ocrx_word' id='word_1_185' title='bbox 368 3402 406 3458; x_wconf 89' lang='lat' dir='ltr'>ut</span> <span class='ocrx_word' id='word_1_186' title='bbox 423 3389 512 3473; x_wconf 86' lang='lat' dir='ltr'>ipsi,</span> <span class='ocrx_word' id='word_1_187' title='bbox 534 3387 615 3471; x_wconf 88' lang='lat' dir='ltr'>quid</span> <span class='ocrx_word' id='word_1_188' title='bbox 643 3390 773 3473; x_wconf 87' lang='lat' dir='ltr'>dicant,</span> <span class='ocrx_word' id='word_1_189' title='bbox 794 3377 861 3468; x_wconf 70' lang='lat' dir='ltr'>noir,</span> <span class='ocrx_word' id='word_1_190' title='bbox 888 3393 1047 3464; x_wconf 80' lang='lat' dir='ltr'>attendere</span> <span class='ocrx_word' id='word_1_191' title='bbox 1062 3395 1194 3468; x_wconf 83' lang='lat' dir='ltr'>viduan-</span> 
     </span>
     <span class='ocr_line' id='line_1_28' title="bbox 261 3504 1191 3588; baseline 0.008 -19"><span class='ocrx_word' id='word_1_192' title='bbox 261 3520 335 3584; x_wconf 71' lang='lat' dir='ltr'>tur,</span> <span class='ocrx_word' id='word_1_193' title='bbox 363 3504 591 3588; x_wconf 78' lang='lat' dir='ltr'>Antiquiorem</span> <span class='ocrx_word' id='word_1_194' title='bbox 607 3521 678 3578; x_wconf 75' lang='lat' dir='ltr'>csse</span> <span class='ocrx_word' id='word_1_195' title='bbox 696 3506 806 3588; x_wconf 77' lang='lat' dir='ltr'>poesin</span> <span class='ocrx_word' id='word_1_196' title='bbox 826 3507 942 3588; x_wconf 81' lang='lat' dir='ltr'>prosa,</span> <span class='ocrx_word' id='word_1_197' title='bbox 960 3524 1071 3580; x_wconf 76' lang='lat' dir='ltr'>vetum</span> <span class='ocrx_word' id='word_1_198' title='bbox 1090 3523 1141 3578; x_wconf 89' lang='lat' dir='ltr'>est</span> <span class='ocrx_word' id='word_1_199' title='bbox 1155 3513 1191 3588; x_wconf 82' lang='lat' dir='ltr'>ln</span> 
     </span>
     <span class='ocr_line' id='line_1_29' title="bbox 269 3618 1192 3704; baseline 0 -16"><span class='ocrx_word' id='word_1_200' title='bbox 269 3619 469 3704; x_wconf 84' lang='lat' dir='ltr'>scriptione,</span> <span class='ocrx_word' id='word_1_201' title='bbox 493 3634 560 3686; x_wconf 91' lang='lat' dir='ltr'>non</span> <span class='ocrx_word' id='word_1_202' title='bbox 587 3618 830 3686; x_wconf 82' lang='lat' dir='ltr'>incommunis</span> <span class='ocrx_word' id='word_1_203' title='bbox 850 3619 933 3700; x_wconf 71' lang='lat' dir='ltr'>uitae</span> <span class='ocrx_word' id='word_1_204' title='bbox 948 3637 1116 3704; x_wconf 80' lang='lat' dir='ltr'>sermone3</span> <span class='ocrx_word' id='word_1_205' title='bbox 1140 3623 1192 3698; x_wconf 89' lang='lat' dir='ltr'>ni·</span> 
     </span>
     <span class='ocr_line' id='line_1_30' title="bbox 270 3733 1191 3820; baseline 0.008 -19"><span class='ocrx_word' id='word_1_206' title='bbox 270 3738 300 3816; x_wconf 69' lang='lat' dir='ltr'>pi</span> <span class='ocrx_word' id='word_1_207' title='bbox 317 3735 402 3815; x_wconf 73' lang='lat' dir='ltr'>forte</span> <span class='ocrx_word' id='word_1_208' title='bbox 422 3735 496 3817; x_wconf 85' lang='lat' dir='ltr'>quis</span> <span class='ocrx_word' id='word_1_209' title='bbox 513 3733 677 3806; x_wconf 81' lang='lat' dir='ltr'>existimet</span> <span class='ocrx_word' id='word_1_210' title='bbox 694 3735 989 3818; x_wconf 70' lang='lat' dir='ltr'>Agamemnonem,</span> <span class='ocrx_word' id='word_1_211' title='bbox 1012 3738 1191 3820; x_wconf 76' lang='lat' dir='ltr'>Achmeta,</span> 
     </span>
     <span class='ocr_line' id='line_1_31' title="bbox 269 3850 1190 3950; baseline -0.007 -14"><span class='ocrx_word' id='word_1_212' title='bbox 269 3853 460 3950; x_wconf 74' lang='lat' dir='ltr'>etreliqua</span> <span class='ocrx_word' id='word_1_213' title='bbox 487 3853 619 3946; x_wconf 70' lang='lat' dir='ltr'>lucca,</span> <span class='ocrx_word' id='word_1_214' title='bbox 643 3863 680 3928; x_wconf 82' lang='lat' dir='ltr'>ut</span> <span class='ocrx_word' id='word_1_215' title='bbox 695 3851 735 3930; x_wconf 81' lang='lat' dir='ltr'>ab</span> <span class='ocrx_word' id='word_1_216' title='bbox 753 3850 1129 3941; x_wconf 63' lang='lat' dir='ltr'>aspersionemque,</span> <span class='ocrx_word' id='word_1_217' title='bbox 1146 3853 1190 3930; x_wconf 77' lang='lat' dir='ltr'>ita</span> 
     </span>
    </p>

    <p class='ocr_par' dir='ltr' id='par_1_3' title="bbox 1121 3981 1193 4042">
     <span class='ocr_line' id='line_1_32' title="bbox 1121 3981 1193 4042; baseline 0.028 -2"><span class='ocrx_word' id='word_1_218' title='bbox 1121 3981 1193 4042; x_wconf 70' lang='lat' dir='ltr'>vela</span> 
     </span>
    </p>
   </div>
   <div class='ocr_carea' id='block_1_3' title="bbox 0 0 1294 4708">
    <p class='ocr_par' dir='ltr' id='par_1_4' title="bbox 0 0 1294 4708">
     <span class='ocr_line' id='line_1_33' title="bbox 0 0 1294 4708; baseline 0 0"><span class='ocrx_word' id='word_1_219' title='bbox 0 0 1294 4708; x_wconf 95' lang='lat' dir='ltr'> </span> 
     </span>
    </p>
   </div>
  </div>
 </body>
</html>
