2506 4712
268 401 334 476 tu
428 375 569 456 uren
604 375 648 453 n.
685 379 1021 494 nununeuu.

267 569 468 642 ventitabant
488 584 521 638 et
541 569 596 638 eiii
621 568 715 638 multi
739 570 759 636 i
783 569 902 640 Literis
929 572 969 638 sd
998 589 1067 638 rem
1084 569 1211 656 pubii-

268 705 340 757 ιιι
367 701 588 769 transeuntes,
608 687 744 770 ejusque
769 688 907 772 tiiquem
930 701 1053 772 purtem
1075 690 1132 756 vei
1147 709 1208 774 ge·

267 805 449 872 neptesve!
472 819 577 886 perere
598 803 781 884 cupientes.
821 805 982 872 Omnibus
1007 825 1147 890 semper
1163 811 1211 873 le·

139 903 143 908 ¹
269 914 458 987 audesne
480 929 595 980 auctor
621 917 816 999 sententite,
845 920 1107 1003 clementiaeque
1129 939 1208 1005 erga

268 1045 443 1124 prostratas
468 1033 674 1117 jacentesque
704 1031 895 1099 adverserirs
920 1048 1063 1118 partes:
1098 1037 1209 1102 omni·

269 1147 333 1214 bus
354 1144 421 1212 fuit
444 1163 576 1228 suasor,
607 1159 670 1228 ut,
699 1149 789 1230 quod
818 1148 853 1248 in
889 1151 1071 1234 proverbio
1104 1156 1208 1240 (70)

187 1317 189 1324 ,
270 1265 414 1347 dicitur,
435 1279 531 1350 qtram
560 1265 635 1349 quis
658 1279 757 1334 errem
783 1285 915 1352 nosset,
944 1285 1128 1354 tractaret,
1161 1292 1208 1338 re·

273 1399 345 1468 gere
367 1381 486 1449 sineret
509 1398 589 1464 eos,
612 1399 695 1464 qnos
718 1382 838 1449 virtute
861 1399 893 1450 et
916 1385 1007 1451 eiviii
1025 1387 1209 1470 prudentia

273 1497 427 1565 excellere
453 1510 627 1564 constaret.
672 1495 850 1579 Profecto,
870 1513 944 1564 eum
971 1499 1012 1564 ed
1040 1499 1209 1567 eliaeivi·

250 1609 350 1680 'tatis
375 1613 564 1694 commode,
595 1625 663 1676 tum
695 1611 738 1676 ad
765 1611 953 1678 Academiae
977 1611 1096 1678 florem
1124 1615 1209 1680 utile

271 1726 413 1810 uisset,
435 1727 468 1794 si
479 1739 511 1792 et
526 1725 560 1792 hi
576 1727 632 1809 qui
661 1743 709 1792 reo
733 1721 902 1810 gerebant,
925 1743 956 1792 et
982 1727 1034 1794 iiii
1055 1748 1203 1811 quorum

270 1859 323 1909 res
350 1843 519 1928 agebatur,
540 1859 612 1909 eum
638 1857 694 1908 aut
718 1843 819 1926 magis
843 1843 1117 1926 consuluissent,
1148 1859 1204 1911 aut

274 1961 464 2026 consultum
493 1957 593 2042 magis
620 1955 828 2026 audivissent.
873 1959 994 2041 Nunc,
1019 1979 1125 2043 quum
1149 1965 1204 2029 ilie

273 2073 428 2142 omnibus
451 2074 486 2142 in
514 2073 608 2140 rebus
632 2073 789 2140 mitiorem
821 2075 1127 2158 prudentiamque
1149 2095 1204 2143 ra·

275 2191 396 2258 tionem
428 2203 634 2274 sequeretur3
659 2189 738 2272 isti,
759 2189 816 2272 pui
837 2189 917 2254 durs
939 2191 1081 2257 ceirdavc
1098 2191 1203 2276 agite·

273 2302 354 2372 bant
376 2307 550 2387 consilia,
566 2307 607 2372 ad
634 2306 745 2401 ipsum
770 2323 836 2372 non
862 2283 1069 2388 referebant,
1099 2309 1203 2392 probe

273 2421 437 2499 scientes,
460 2438 497 2484 se
513 2437 585 2484 eum
606 2433 639 2486 et
658 2417 875 2486 dissuasorem
890 2433 923 2485 et
940 2421 1202 2504 reprehensorem
1238 2469 1239 2510 ,

271 2534 455 2606 habituros.
1238 2515 1239 2558 ³

321 2650 382 2716 111ο
401 2663 466 2716 tem
484 2647 638 2715 distracto
662 2648 848 2733 egitrtoque
869 2661 1033 2734 tempore,
1046 2648 1121 2717 satis
1137 2653 1199 2719 heu
1238 2689 1239 2750 4

277 2767 374 2836 bebrt
398 2765 586 2837 ordinariam
611 2785 741 2851 operam
766 2768 888 2837 scholis
908 2771 1062 2839 habendis
1075 2771 1197 2838 tribue·
1238 2765 1239 2768 ’

279 2900 335 2967 re,
357 2879 429 2951 nem
447 2881 651 2966 peculiariter
665 2881 843 2948 recolendis
866 2883 1009 2966 studiis,
1031 2885 1200 2969 operibus·

279 3019 347 3086 que
378 2997 513 3068 editioni
547 2996 716 3064 destinetis
743 2998 943 3082 repetendis,
970 3019 1085 3084 pamm
1107 3003 1201 3070 relin-

280 3116 443 3200 quebatur
460 3112 532 3183 otii.
575 3105 699 3182 Temen
724 3114 859 3183 reditum
884 3117 924 3184 ed
953 3115 1080 3185 Literes
1104 3120 1134 3186 ei
1155 3133 1202 3184 at·
1237 3159 1238 3168 κ

280 3235 382 3320 tulit,
404 3233 532 3302 brevem
561 3232 711 3318 quidem,
741 3237 921 3304 sed'ttmen
943 3239 1106 3324 reditum,
1134 3259 1203 3306 mu·

1139 3375 1201 3426 nus

320 3589 340 3663 i
350 3589 416 3670 70)
437 3589 541 3652 Cicero
566 3587 656 3648 Tusc.
671 3587 706 3658 1,
727 3587 781 3648 ris
799 3585 876 3647 Bene
895 3589 969 3646 enirn
992 3589 1043 3646 illo
1057 3589 1204 3664 praemiis

280 3697 454 3760 Graecorum
478 3699 660 3774 praecipitur
687 3734 709 3766 „
726 3695 819 3770 Quam
849 3699 964 3771 quisque
987 3697 1068 3752 norit
1093 3704 1202 3762 men,

272 3810 314 3868 'itt
330 3799 385 3864 iac
403 3823 431 3862 se
444 3805 606 3866 exerceat.'‘
644 3803 690 3864 nd
705 3819 789 3877 quem
805 3805 903 3866 iocum
925 3803 1100 3882 10D¹vititi³
1118 3807 1203 3870 Gi*

186 3992 190 4002 ι
274 3922 383 3990 ε(10111111
398 3909 482 3970 iocos
498 3910 673 3988 Scriptorum
686 3911 838 3976 amonuit.
