2556 4710
300 315 322 382 a
568 283 958 395 aursnoda

295 495 398 564 copas
413 477 639 548 renuntiatum
656 489 687 542 et
705 473 854 558 antiquae
870 473 1086 544 Graecanicae
1101 474 1249 560 elegam

299 598 361 668 tiae
384 596 628 681 studiosorum,
661 593 927 676 exquisitissimis
951 593 1036 664 Tuis
1060 613 1250 664 commen·

297 711 502 792 tationibus,
526 725 556 780 et
581 708 790 791 antiquorum
815 709 1012 792 scriptorum
1035 709 1250 793 interpreta-

298 827 469 912 tionibus,
492 826 527 896 in
547 823 598 891 Te
616 838 768 912 tanquam
794 823 971 911 principem
990 823 1104 892 harum
1120 827 1250 892 litera-

296 963 388 1027 rum,
413 957 490 1026 post
505 940 742 1008 Hcmsterhosia'
757 939 842 1006 beati
859 954 1018 1018 mortem,
1040 941 1248 1006 convertis-

293 1056 341 1139 ti,
363 1075 422 1123 nec
447 1055 515 1124 nisi
551 1054 814 1135 Vertumnum,
846 1052 926 1120 Tibi
962 1051 1246 1136 amicissimum,

292 1173 432 1255 babeas,
465 1169 521 1254 qui
545 1171 714 1253 doctrine,
746 1171 852 1254 tama,
884 1171 1072 1256 mensisque
1092 1167 1245 1240 Tecum

291 1291 327 1359 in
343 1291 407 1360 lroc
425 1307 538 1378 genere
554 1291 745 1360 contendere
769 1290 878 1374 ausit,
900 1289 1006 1358 mirati
1031 1289 1086 1356 Tu
1113 1288 1245 1371 itaque

290 1423 357 1479 non
385 1406 504 1486 debes,
527 1405 557 1474 si
581 1402 725 1486 equidem
747 1404 848 1471 homo
874 1405 1006 1502 ignotus
1023 1401 1160 1486 publice
1178 1401 1241 1470 Te

288 1528 483 1609 conpellare
506 1525 696 1594 sustineam.
728 1525 763 1591 Si
784 1524 864 1608 quid
880 1524 964 1604 enim
981 1544 998 1590 a
1013 1542 1063 1590 me
1083 1523 1118 1592 in
1138 1522 1233 1590 doc·

287 1642 418 1709 tissimo
443 1645 655 1725 inperatore,
678 1639 713 1706 in
739 1641 836 1726 cujus
861 1640 992 1722 scriptis
1015 1640 1236 1724 elegantissi.

288 1759 351 1828 anis
369 1756 574 1830 emendandis
590 1773 719 1837 operam
738 1773 837 1832 meant
848 1753 988 1838 positam
1007 1753 1231 1835 vides‚prae-

285 1873 488 1951 esttamen,
512 1870 543 1935 id
561 1885 706 1950 magnam
726 1881 847 1947 partem
873 1865 960 1930 Tibi·
980 1866 1133 1946 debetur,
1162 1870 1233 1950 qui

285 1989 326 2055 sd
352 1988 473 2072 justam
504 1982 654 2050 Platonis
676 1979 896 2064 cognitionem
928 1980 994 2045 dux
1018 1977 1096 2046 mihi
1120 1977 1230 2050 fuisti

285 2101 505 2186 praecipuum
537 2097 576 2163 de
594 2098 688 2184 cujus
713 2113 775 2161 usu
799 2114 880 2184 quae
902 2095 959 2163 Tu
982 2099 1021 2164 ad
1048 2095 1226 2167 Timaeum

282 2214 409 2302 egregie
435 2212 645 2300 praecepisti,
673 2227 705 2280 et
732 2212 886 2296 exemplis
912 2213 1134 2297 confirmasti,
1160 2220 1225 2290 vix

285 2331 393 2404 dicere
410 2347 543 2416 possum
563 2341 718 2412 quantum
735 2347 770 2404 ea
790 2329 867 2404 nihi
892 2327 1074 2420 profuerint
1098 2335 1139 2400 ad
1165 2354 1224 2406 ex·

285 2445 478 2540 poliendum
506 2443 700 2534 Jauaarrr.
746 2443 846 2534 Quod
865 2442 929 2510 nisi
950 2459 1041 2532 grato
1058 2459 1221 2529 agnosce-

280 2575 349 2629 rem
368 2557 475 2627 animo
494 2559 694 2650 publiceque
709 2553 895 2654 profiterer,
911 2577 978 2624 non
993 2575 1055 2632 taur
1072 2560 1219 2632 invidiae

279 2674 400 2750 crimen
425 2673 646 2762 susciperem,
676 2693 750 2749 cum
780 2673 853 2767 Te,
882 2657 1212 2770 Valkcnariumque,

278 2787 475 2878 essiones,
494 2791 639 2862 doctrine
658 2809 783 2863 summa
804 2811 902 2874 super
920 2793 1071 2866 invidiam
1098 2813 1211 2863 evexe-

276 2904 340 2990 tit,
362 2921 394 2980 et
409 2921 447 2978 ut
462 2906 572 2978 beatos
590 2907 718 2998 aliquos
734 2907 822 2984 Deos
836 2909 870 2979 in
884 2922 954 2982 tute
972 2909 1211 2994 tranquillaque

276 3023 353 3098 sede
368 3023 707 3109 collocaverit3quam
725 3025 838 3116 potius
856 3022 1020 3092 illiberalis
1040 3039 1071 3092 et
1085 3043 1208 3108 essem,

279 3145 313 3200 et
337 3135 480 3208 haberer.
524 3136 575 3207 Ac
608 3153 648 3204 ne
673 3135 803 3222 vivam,
825 3135 890 3203 nisi
905 3139 1024 3210 dudum
1039 3140 1103 3225 jam
1119 3157 1207 3224 nag-

178 3291 184 3300 ·
274 3265 340 3322 nus
363 3271 412 3324 me
430 3253 497 3328 Tul
516 3251 622 3330 tenuits
645 3273 755 3338 amor,
778 3256 967 3339 admiratio,
992 3272 1025 3325 et
1047 3258 1121 3324 hinc
1148 3278 1206 3328 na.

275 3379 348 3472 tunt
367 3361 448 3441 Tibi
467 3369 686 3444 innotescendi
701 3373 890 3446 desiderium
911 3393 1097 3455 sumntum,
1117 3377 1205 3458 quod

273 3483 409 3574 perfecit
427 3485 552 3558 tandem
577 3487 690 3570 Deus,
705 3507 780 3556 cum
798 3489 880 3556 hanc
901 3489 1102 3556 Academiam
1119 3491 1201 3558 adire

273 3598 340 3672 fuit
367 3619 573 3678 concessum.
625 3603 676 3670 lbi
702 3605 883 3674 enimcum
915 3605 986 3672 aliis
1011 3607 1107 3674 bonis
1133 3605 1195 3679 frui

269 3713 388 3806 licuit,
411 3731 480 3788 tum
510 3718 573 3788 hoc
598 3719 682 3794 inter
705 3718 840 3794 narina
867 3739 1022 3808 numero,
1055 3723 1139 3814 quod
1166 3719 1199 3790 itt

1135 3837 1193 3908 cle·
