2438 4718
256 307 334 410 ara.
383 301 570 388 unsrun
591 291 899 379 nurneronc
916 295 1051 376 nurt-

259 503 497 572 vldetu'rloeus
513 517 555 566 en
567 493 727 564 mutate
742 493 904 582 Dirlogor
927 499 1042 578 quenl,
1064 509 1105 564 ut
1123 494 1191 580 pria

262 637 372 698 num,
395 615 576 684 anondurn
596 611 681 682 ratic
702 623 827 678 rnarura
841 609 1096 692 confirmataque
1109 611 1187 678 scria

261 734 368 820 prorio
392 730 547 800 facultate
572 726 769 812 proiectumx
783 739 876 792 uorat
898 723 1065 808 Diogenes
1094 725 1190 794 Lacr·

263 849 331 918 rius
350 845 393 914 ll.
409 847 521 914 durat
537 841 609 924 inre
625 841 804 912 Aeschines
820 839 1029 923 praecipuum
1046 844 1188 924 corant,

263 978 333 1032 turn
360 960 490 1040 quiden
508 975 610 1038 quun
633 955 811 1040 syracusas
835 955 998 1022 veniraetr
1031 956 1188 1041 siquiden

262 1093 334 1144 narn
347 1073 500 1158 praelegit
512 1069 700 1153 Dionysio,
714 1082 752 1136 ut
765 1069 876 1155 prodit
888 1065 1061 1144 Lucano
1072 1075 1122 1142 Dc
1135 1077 1188 1143 Pa·

257 1191 360 1260 tacito
377 1183 422 1256 T.
445 1187 474 1256 Ι.
502 1205 538 1272 p.
562 1187 657 1256 udor
754 1251 760 1258 .

266 1371 270 1380 ,
305 1305 351 1373 V.
374 1301 436 1370 Nil
451 1303 591 1386 dicitur,
605 1287 714 1368 uerunt
729 1299 821 1385 pueri
838 1301 955 1370 utilius
970 1305 1076 1388 doni,
1100 1309 1188 1378 auin

260 1419 392 1494 acholio
409 1417 615 1486 erudiantura
637 1417 728 1500 quod
741 1430 791 1484 ιιι
804 1431 1022 1502 argumentum
1035 1417 1192 1508 Quincti·

258 1532 344 1606 lani
357 1535 465 1604 instit.
490 1531 549 1600 Or.
568 1531 597 1600 Ι.
621 1549 657 1600 a.-

262 1649 366 1720 .·v1.
388 1649 471 1732 Nil,
492 1665 558 1731 qua
578 1647 699 1726 ratione
723 1665 898 1732 puerorum
924 1648 1050 1736 ingenia
1071 1648 1193 1741 digno·

260 1781 414 1840 arantur:
440 1763 532 1847 quud
550 1778 600 1830 cat
616 1762 759 1848 ejusdem
777 1742 1025 1848 argenteorum,
1046 1765 1075 1836 1.
1094 1790 1127 1854 3.

257 1936 264 1952 .
306 1880 383 1948 vll.
405 1875 466 1946 Nil
483 1879 522 1946 dc
540 1877 639 1946 variir
653 1878 792 1966 ngeniis
810 1877 899 1948 vario
918 1882 1022 1952 nrodo
1039 1883 1190 1955 docendis

256 2008 300 2080 jac
315 1995 504 2066 tractandis.
872 2071 875 2076 ,
1211 2029 1215 2037 ·

306 2111 398 2182 VilL
423 2109 484 2178 Nil
501 2109 541 2176 de
555 2107 627 2194 ipra
642 2108 795 2178 varietate
810 2109 1016 2195 ingeniorum
1034 2117 1193 2200 rntnrali,

258 2245 338 2300 curn
356 2230 391 2296 iu
415 2227 571 2294 facilitate
590 2241 623 2294 et
639 2226 767 2294 solertia
783 2226 823 2293 ad
840 2227 1000 2310 eluntre,
1023 2245 1130 2314 artes,
1150 2230 1197 2300 di·

258 2342 440 2428 ,eciplinasr
464 2355 534 2410 tum
551 2340 585 2408 in
607 2339 816 2426 proclivitate
832 2341 990 2426 advitia,
1011 2361 1152 2434 stupore
1167 2364 1195 2418 tt

258 2457 376 2558 inertia
389 2458 430 2529 ad
444 2456 651 2528 diccendum.

255 2607 263 2664 ·:
300 2573 361 2640 lx.
393 2567 455 2638 Nil
472 2571 512 2638 dc
537 2570 686 2639 varietate
708 2571 908 2669 educationis
933 2575 973 2640 ad
997 2576 1088 2644 varia
1116 2581 1199 2648 vitae

252 2705 397 2778 ‚genem
420 2684 541 2770 quibus
555 2688 648 2774 pueri
664 2687 890 2772 dertlnantur,
907 2698 1195 2766 accommodanda.

212 2825 218 2838 ·
302 2808 348 2874 X.
370 2801 480 2870 Multa
495 2805 635 2886 denunt,
653 2821 735 2887 quae
750 2801 968 2886 Antiquitatis
987 2827 1054 2874 nos
1067 2808 1106 2876 in
1124 2813 1196 2880 hoc

247 2934 449 3010 ‚argumento
474 2917 651 3012 desiderat:
675 2918 801 3000 multa,
824 2937 905 3002 quae
929 2919 1097 2990 Plutarchi
1117 2949 1196 3011 pro·

257 3038 428 3127 peieraret
446 3034 659 3124 consuetudo.
691 3033 807 3100 Omnia
824 3011 1004 3126 recensere,
1019 3037 1193 3122 inlinitum

247 3165 333 3220 ‚eutr
353 3149 457 3218 adhuc
483 3148 616 3238 illoturn
633 3151 783 3230 quaedum
807 3149 991 3235 attigimusr
1012 3171 1111 3224 nune
1141 3162 1197 3228 ho·

244 3285 330 3360 ‚run
348 3282 452 3348 pauca
467 3281 691 3332 memoremur.
728 3264 876 3358 Prinuna
887 3267 1011 3354 igitur,
1026 3271 1192 3342 uinurun

245 3383 484 3462 ,vitiorumque
509 3378 694 3446 notationes
718 3379 890 3453 Plutarcho
915 3383 990 3450 illac
1012 3384 1194 3460 familiares

246 3497 374 3602 {ductae
390 3497 430 3562 ch
449 3476 641 3590 erperienria
657 3510 689 3564 et
715 3495 863 3566 interiore
880 3500 1040 3569 humanae
1057 3523 1194 3576 naturae

257 3611 506 3691 chonradum,
528 3641 572 3660 ··
592 3611 711 3679 nullae.
915 3587 918 3596 ¹

299 3724 359 3792 xl.
381 3724 650 3808 Comparationcs
668 3725 831 3794 actionum
846 3729 944 3796 animi
961 3745 993 3798 ct
1010 3738 1196 3818 corporis,

116 3855 119 3864 ⁴
242 3837 431 3912 ,Plutarcho
444 3838 629 3936 frequentes
645 3854 677 3908 et
689 3843 862 3928 propriae,
878 3845 997 3930 quibus
1015 3868 1108 3918 rena
1124 3871 1197 3918 sen·

1009 4017 1012 4026 .
1092 3983 1197 4034 suurn
