2552 4712
220 323 489 409 tuoruum
506 315 764 398 uouutuu
790 315 869 397 tot.
886 321 914 400 r.
966 319 1041 422 gog
1155 299 1158 310 '

110 524 269 608 mimo,
291 521 397 588 eaden
420 535 485 600 qur
508 512 633 583 Graeco
655 513 767 584 editio.
812 513 920 582 Tituli
935 516 1040 602 prims

109 661 148 712 sc
173 637 350 726 praecipuo
374 652 473 720 pus,
495 651 568 700 nrm
594 631 700 699 totum
730 648 892 716 apponere
909 652 977 702 nou
991 650 1041 704 et·

109 759 215 839 tinet,
236 757 315 822 haec
338 768 407 822 est:
436 749 614 818 Plutarchi
631 749 827 828 chaeronei,
858 749 1044 843 Philosophi
1095 735 1098 748 ¹

110 889 144 942 ct
169 871 332 938 Historlci
354 867 559 946 Clarissimi,
584 861 693 952 opera
710 861 886 945 Masalia,
908 885 993 952 quac
1007 869 1045 934 in

107 983 196 1056 tono
218 1006 314 1073 usquc
335 981 419 1051 dions
446 981 571 1050 Latino
597 988 746 1059 exstant,
768 980 934 1046 universo.
978 977 1048 1046 Hs·
1147 1019 1150 1026 ·
1271 985 1272 1004 ¹

107 1121 184 1172 runs
216 1101 312 1170 nobis
338 1095 637 1181 interpretationum
662 1089 729 1158 fuit
757 1091 897 1160 subinde
922 1091 1042 1176 uliquis

114 1237 202 1286 usus
214 1217 254 1284 od
271 1233 364 1284 verse
382 1211 531 1280 lectionis
548 1189 844 1294 investigationem.
888 1208 957 1298 Qui
975 1209 1045 1279 siut

114 1332 302 1402 Plutarchel
322 1329 446 1411 libelli,
475 1328 534 1412 qui
553 1326 765 1410 interpretes,
787 1324 983 1420 intelligetur
1006 1345 1046 1398 ex

104 1451 219 1534 Indice¹
230 1447 284 1532 11,
305 1449 381 1514 huic
400 1461 535 1518 nostroe
553 1441 749 1528 praefationi
764 1413 955 1528 subjuncto*

518 1687 551 1769 i·
597 1703 632 1766 4·

108 1951 154 2013 Dc
183 1940 397 2009 collectionibus
423 1937 582 2001 Varicrornt
618 1935 780 1997 Lectionum
807 1945 837 1992 et
863 1929 1044 1994 Emendatio·

142 2073 210 2116 nonc
235 2051 388 2126 adscriptis
414 2051 444 2106 in
472 2049 601 2120 margine
629 2043 820 2120 exemplorum
838 2039 1006 2103 Aldioorrrrn

182 2173 212 2222 et
231 2159 456 2224 Basilcrnsinm,
474 2171 495 2212 a
512 2151 666 2224 Jannotio,
690 2149 835 2218 Turnebo,
862 2145 970 2221 Junio,

223 2263 356 2332 Murato,
380 2259 548 2335 Anonyno,
577 2258 647 2314 item
670 2247 705 2310 do
728 2252 894 2328 collectione

324 2363 456 2436 Scirorci,
480 2361 519 2420 nb
537 2359 576 2421 A.
594 2369 662 2433 1542
688 2355 730 2415 ol
748 2369 828 2432 1559.

153 2595 258 2680 Igitur
287 2586 480 2658 Basileensis
512 2583 611 2651 editio
646 2597 776 2666 regnare
813 2579 922 2663 coepit
955 2579 1042 2661 opud

111 2711 370 2799 Transalpinos,
394 2709 529 2776 maxime
553 2703 757 2785 Germanos3
780 2699 846 2770 uon
863 2703 937 2769 itenr
955 2701 1043 2786 spuo

110 2838 237 2916 Italos,
261 2831 382 2916 quippe
411 2830 533 2914 quibus
560 2845 618 2892 nec
641 2821 791 2908 parabilis
814 2832 873 2888 nec
897 2823 1043 2888 emenda·

112 2965 146 3018 to
162 2952 206 3016 ita
224 2947 410 3026 videretur,
433 2957 470 3011 ut
495 2940 648 3008 Aldinam
674 2955 692 3002 a
715 2921 822 3004 vetere
838 2932 1043 3002 auctoritatis

109 3063 322 3152 possessione
356 3061 515 3147 deiiceret.
570 3055 762 3134 Caeterum,
795 3067 872 3117 mox
907 3048 1049 3116 fuerunt·

113 3184 173 3268 qui
193 3179 337 3250 melioris
355 3177 449 3244 etiam
473 3169 623 3239 editionis
634 3153 638 3162 ’
651 3165 867 3236 conficiendae
885 3179 917 3234 et
933 3162 1063 3230 consi·

109 3297 195 3364 lium
210 3305 383 3379 cuperent,
405 3303 437 3355 et
454 3285 616 3354 materiam
640 3282 841 3366 colligerent.
871 3280 921 3347 Ac
939 3297 1045 3346 uso·

110 3423 217 3473 uror
244 3405 372 3489 quidem
396 3400 587 3468 institutum
609 3409 798 3482 persecutus
824 3413 1042 3464 nouenos
1143 3389 1146 3398 '

108 3537 405 3609 prussorum,
428 3531 595 3598 accepturu
614 3511 653 3578 ab
674 3509 735 3576 illo
759 3509 915 3578 Aldinum
939 3526 1045 3577 exem·

109 3641 224 3723 plum,
246 3637 368 3722 insigni
397 3633 572 3701 lectionum
597 3647 614 3694 e
637 3625 807 3694 codicibus
833 3624 976 3710 antiquis
991 3641 1048 3690 ex·

113 3749 295 3839 cerptaium
319 3749 413 3836 copia
437 3741 672 3832 locupletavit,
696 3753 727 3806 et
743 3758 817 3806 cunr
844 3759 885 3808 u.
909 3759 945 3812 r.
964 3757 1046 3806 sru-

112 3890 258 3956 nuso,
281 3869 443 3954 aliisque,
466 3882 503 3934 ut
531 3862 674 3948 opinor,
703 3856 892 3926 hominibus
917 3853 1061 3942 doctis,

277 3985 280 3995 ’
961 3979 1051 4038 colli·
