2572 4710
263 318 327 420 146
386 319 562 397 onnrro
584 323 645 392 nu
665 315 837 394 numos,
860 311 1072 394 uiuunt.

264 517 385 586 reddet.
429 511 482 580 Ab
506 511 566 584 hee
591 507 644 578 uia
668 492 766 576 officii
783 507 837 574 sul
861 505 1077 590 Philosophia
1093 505 1211 576 disce·

269 635 343 702 uere
365 647 540 713 numquam
565 640 687 712 potest.v
731 625 848 710 Neque
871 627 937 695 ullu
965 645 1120 711 umquem
1145 627 1209 695 vis

266 747 407 828 efficiat,
430 757 466 812 ut
487 743 540 827 is,
564 744 622 827 qui
640 763 744 810 rerum
770 744 952 813 diuinarum
970 745 1207 812 humanorum-

267 883 333 949 que
371 877 502 929 caussas
537 876 711 942 eurumque
741 861 909 929 mirificum
947 862 1207 932 consensionem

266 975 611 1060 continuationemque
635 976 856 1060 perspexerit,
878 977 985 1044 eedem
1011 975 1210 1062 cognitione

265 1093 304 1164 in
325 1091 463 1160 aliorum
494 1090 663 1162 hominum
692 1089 934 1158 incommodum
948 1091 1209 1176 perniciemque

266 1207 432 1276 abutatur.
482 1201 601 1288 Neque
621 1223 791 1289 germanus
806 1217 858 1306 est
878 1205 1108 1290 Philosophiae
1125 1213 1209 1298 'elu-

267 1345 389 1409 mnus‚
413 1324 494 1408 qui,
516 1342 591 1391 cum
608 1327 678 1410 ejus
696 1326 839 1392 studium
855 1345 934 1410 prre
949 1345 984 1394 se
1001 1327 1088 1410 fert,
1108 1327 1209 1397 aliud

270 1440 449 1534 quidquam
476 1451 599 1523 prseter
619 1437 782 1514 ueritatem
812 1438 1031 1524 virtutemque
1053 1455 1205 1525 spectate

268 1557 469 1625 adulterinus
492 1543 548 1622 ille
570 1568 640 1638 est,
673 1555 792 1622 histrio
815 1554 935 1625 rueme
959 1575 1136 1642 personae,
1167 1573 1205 1628 et

265 1661 475 1760 pulcherrimi
497 1671 640 1739 nominis
665 1689 788 1755 raptor.
834 1673 954 1741 Rerum
971 1676 1103 1757 quidem
1125 1695 1206 1746 cor.

267 1807 437 1875 porcarum
456 1803 601 1856 naturum
623 1806 774 1857 constare
795 1791 861 1858 sibi
882 1791 1052 1860 uidemust
1076 1798 1203 1879 ponde·

267 1927 305 1975 sa
330 1925 393 1974 suo
417 1920 500 1974 nutu
528 1906 702 1987 deorsum,
731 1925 798 1974 nou
826 1907 980 1992 sursum,
1011 1907 1109 1976 ferri:
1130 1914 1205 1980 dies

268 2037 450 2104 noctesque
478 2036 636 2106 perpetuo
653 2021 717 2088 sihi
742 2021 895 2106 deinceps
914 2025 1025 2092 ordine
1048 2030 1207 2093 succede-

267 2157 327 2206 τε.»
369 2135 437 2204 Res
469 2153 546 2204 vero
577 2137 798 2222 intelligibiles
828 2153 860 2206 et
886 2143 1043 2228 morales,
1079 2145 1206 2226 quibus

269 2255 486 2340 Philosophia
504 2256 711 2340 continetur,
726 2277 818 2352 quse
833 2261 972 2345 propius
989 2281 1063 2328 curn
1089 2263 1205 2335 divina

268 2371 466 2458 coniunctae
492 2387 571 2440 sunt
595 2387 730 2458 nutura,
762 2395 830 2444 nun
858 2378 985 2461 legibus
1009 2382 1144 2445 oeternis
1168 2397 1203 2452 et

267 2489 532 2568 immutabilibus
550 2491 615 2578 regi
633 2493 813 2576 putemus?
855 2491 935 2560 Non
954 2495 1055 2579 igitur
1069 2515 1107 2564 ex
1123 2497 1203 2566 Phi-

269 2607 423 2692 losophle
446 2605 583 2678 existere
608 2609 783 2692 quidquam
803 2623 914 2694 potest
935 2611 1000 2678 nisi
1024 2612 1148 2682 bonum
1168 2631 1204 2684 et

270 2723 467 2792 honestume
483 2723 603 2806 citius,
622 2721 791 2807 profecto,
806 2727 974 2794 conversis
991 2727 1089 2816 hujus
1106 2749 1207 2816 mun·

265 2848 305 2916 eli
331 2845 516 2926 elementis,
548 2857 581 2909 et
611 2855 693 2910 terre
722 2843 801 2910 nutri
836 2831 1028 2930 misceatur,
1060 2862 1092 2914 et
1117 2867 1204 2918 mure

264 2965 384 3034 coelos

262 3105 270 3122 ⁹
313 3077 385 3165 Age
408 3095 509 3157 vero,
540 3075 605 3162 lan
633 3076 716 3146 illud
747 3079 911 3147 ostendam
942 3083 1096 3161 alterurn,
1127 3083 1206 3150 mul·

260 3197 333 3264 ‘lum
359 3192 644 3262 esselrudahilem
664 3183 768 3278 neque
791 3198 824 3264 in
848 3197 1046 3264 laudaturum
1065 3215 1203 3266 numero

269 3315 452 3398 ponendum
476 3325 606 3394 ortem,·
621 3313 687 3382 nisi
712 3333 793 3397 quac
817 3334 835 3381 o
860 3309 1072 3398 Philosophia
1098 3315 1203 3399 profi·

261 3425 426 3502 ·cis'cstur.
469 3427 544 3499 Hoc
565 3431 724 3518 ejusmodi
747 3433 828 3515 erit,
849 3451 916 3500 non
943 3445 980 3498 ut
1007 3449 1064 3517 per
1088 3451 1207 3501 omues

265 3565 357 3618 ortes
378 3549 530 3634 divager,
551 3547 608 3617 sud
623 3547 760 3631 exempli
780 3563 895 3612 crussa
921 3563 973 3611 ees
996 3562 1202 3630 proponam,

268 3681 354 3748 quse
377 3664 412 3733 in
433 3664 598 3732 communi
624 3661 791 3730 homiuum
819 3677 883 3725 usu
908 3675 1096 3745 versentur3
1131 3678 1201 3742 quo

268 3785 375 3872 maglo
396 3785 436 3852 de
458 3780 592 3864 reliquis
618 3779 799 3849 existimare
819 3775 886 3862 ipsi
903 3777 1055 3862 possitis.
1099 3775 1200 3864 Quod

1123 3890 1205 3965 dum
