2388 4714
76 341 515 421 rmrraxnorrmnnr.
530 345 645 416 oron.
661 337 778 424 vni.
825 331 895 444 rm

69 535 103 603 rc
117 537 146 602 dc
157 533 302 602 Plutarchi
321 531 450 618 quidem
471 531 623 600 laudibus
646 547 679 601 et
703 539 805 607 dicere
829 543 893 613 hoe

47 659 217 726 brountere
231 653 357 722 difficile
376 668 437 725 est.
460 653 496 720 Si
514 667 661 738 taceam,
686 655 793 724 videar
808 679 897 742 prae·

45 771 126 852 tipuun
150 770 266 837 editoris
292 787 432 848 munus,
462 769 553 850 quod
580 767 613 835 in
644 773 899 842 commendando

46 891 138 958 Auctore
156 891 290 974 positum
317 905 390 971 est,
413 887 613 974 neglexisse·
648 887 683 956 Si
707 889 832 974 dicam,
854 894 903 959 di·

46 1007 132 1072 cmdun
145 1005 177 1072 sit
195 1021 249 1073 aut
269 1006 419 1074 uniuerso
435 1021 490 1070 aot
514 1003 736 1087 peculiariter:
762 1025 902 1090 quorum

47 1133 138 1188 neutnn
155 1141 218 1188 tum
238 1123 297 1189 hae
315 1119 515 1205 praefatione
528 1119 694 1206 congruit.
739 1119 903 1190 Univerae

50 1235 185 1305 Plumhnn
203 1241 352 1319 laudare,
377 1251 412 1303 ut
437 1253 538 1304 unum
560 1255 599 1304 ex
616 1239 902 1320 praestantissimis

46 1349 197 1437 doctoribus,
228 1372 381 1440 magnum
411 1353 446 1423 in
482 1353 652 1435 Historia,
680 1373 830 1438 ‘magnum
866 1355 901 1423 in

42 1459 203 1552 indempnis,
226 1489 377 1558 magnum
403 1468 438 1537 in
463 1472 553 1537 omni
582 1469 749 1538 doctrinae
765 1489 898 1554 genere,

41 1584 142 1680 firmium
158 1587 325 1672 adingcnit
345 1601 376 1655 ct
394 1585 526 1652 virtutis
549 1583 716 1652 fructum:
738 1587 817 1651 haec
841 1585 901 1670 igi·

41 1691 83 1775 *m
97 1703 217 1780 quanvis
238 1721 337 1783 vera,
369 1716 474 1770 tamen
501 1717 734 1783 supervacanea
760 1699 804 1767 sit
830 1719 899 1766 ora-

40 1807 80 1902 rio,
94 1817 189 1900 quippe
201 1820 239 1888 de
256 1837 290 1884 re
308 1815 499 1902 pervulgata
514 1829 545 1883 et
566 1815 689 1883 nemini
704 1817 813 1886 dubia.
842 1817 901 1886 Pe.

40 1907 148 1995 {atarto
166 1931 219 1998 viri
248 1933 414 2016 ingenium
442 1931 689 2014 doctrinamque
718 1932 900 2016 explicare,

39 2035 95 2114 siuet
111 2045 220 2116 interius
238 2051 420 2133 inspicere,
443 2067 550 2118 earnm
577 2049 706 2113 modum
728 2049 898 2116 rationem·

39 2155 242 2250 ἶιῦιιιριιιιίιιι,
264 2185 433 2234 censuram
450 2183 562 2250 agere,
577 2180 627 2232 est
642 2185 717 2233 sane
735 2185 819 2251 opus
838 2185 895 2236 nec

43 2289 112 2340 acron
126 2297 165 2346 uec
187 2299 481 2366 supervacaneum,
510 2296 639 2348 etcum
664 2281 796 2348 editoris
819 2303 897 2366 pro·

39 2389 109 2458 *nnn
120 2397 387 2487 itaconjunctum,
409 2415 446 2466 ut
465 2419 571 2468 verear
586 2420 627 2468 ne
644 2399 789 2486 plerique
806 2405 892 2485 hoe,

44 2515 141 2590 iltuto
163 2521 325 2602 debitum,
354 2517 513 2586 continuo
543 2517 578 2586 in
602 2513 799 2612 praefatione
826 2521 889 2588 sibi

45 2626 117 2692 “toiri
130 2645 153 2696 et
167 2638 295 2719 cupiant
314 2650 345 2702 ct
358 2649 556 2720 exspectent.
594 2637 640 2701 At
655 2639 724 2721 ejus
744 2635 895 2704 tractatio

46 2749 102 2810 iiiii
115 2761 162 2812 tan
179 2751 235 2818 late
251 2765 379 2834 pateat,
403 2765 440 2816 nt
458 2751 501 2817 sit
522 2750 603 2835 justi
625 2753 726 2824 instar
741 2753 836 2829 libri,
857 2769 894 2818 ac

46 2857 106 2918 iiiii
123 2863 311 2940 praefationis
340 2869 480 2948 spatium
509 2883 705 2951 occupatura
727 2861 895 2950 videatur;

48 2973 398 3050 sementationibus
420 2983 640 3050 reservandam
660 2984 755 3062 duxi,
780 2983 836 3047 ubi
854 2984 894 3048 de

46 3077 152 3174 inno,
169 3095 283 3180 rebus,
309 3097 465 3181 scriptis,
486 3113 679 3179 exponetur.
731 3095 831 3162 Nunc
855 3095 895 3162 ad

50 3199 109 3274 iiiia
125 3227 257 3284 sunnam
286 3215 431 3283 festinos
463 3233 552 3280 nunc
581 3211 758 3279 Plutarchi
777 3211 895 3278 Mora·
936 3223 940 3234 ’

52 3301 258 3412 dissuendam,
292 3329 439 3412 Graeca,
467 3345 499 3396 et
533 3327 650 3395 Latine
674 3347 789 3409 versa,
820 3345 894 3396 curn

53 3419 107 3493 brea
118 3449 340 3517 undationum
367 3447 554 3529 notatione,
580 3445 716 3516 emitto:
739 3446 894 3529 reliquam

51 3554 130 3616 ⁰¹¹¹i⁶1
144 3561 419 3649 interpretationem
441 3565 527 3631 libro
545 3563 894 3647 Animadversionem,

49 3675 98 3725 '³⁰¹
115 3673 318 3768 inmittendo,
348 3683 560 3766 complectar,
613 3677 719 3768 Quam
739 3680 896 3748 distribu-

46 3771 121 3854 i⁰⁰⁸ffl
136 3811 216 3874 quare
230 3799 423 3886 sequendam
442 3793 642 3884 putaverim,
664 3795 776 3885 paucis
793 3795 898 3864 decim
988 3851 998 3874 .

46 3897 127 3970 ‘idun
141 3925 190 3988 eat,
