2572 4710
227 231 293 302 ιμ’
371 161 545 280 orrum
567 204 1010 297 necorquncnrortu

229 397 367 466 nulline
385 397 498 465 sectae
514 395 548 463 in
563 392 750 463 servitutem
769 395 946 478 addicunt,
963 399 1019 470 sed
1039 399 1166 484 ubique

232 517 323 600 quod
338 535 449 585 vetum
467 512 590 582 b'unum
610 513 850 598 pulchrumque
864 513 908 579 sit
928 513 1071 596 eligunt:
1098 516 1162 584 hoe

231 631 333 719 igitur
356 650 469 700 omnes
494 631 635 698 maximo
661 627 771 698 studio
795 629 1049 716 elegantioribus
1076 633 1165 700 litte.

229 748 277 812 ris
301 746 429 832 ingenia
451 744 635 812 excoluisse
661 745 867 829 reperiemus.
915 745 1085 816 Infinitum
1111 765 1164 816 est

231 858 383 944 singulos
400 875 599 940 enumerare,
622 858 791 942 primarios
813 859 1001 928 nominasse
1017 860 1167 935 sufficiat.

165 951 187 1030 .'
229 972 464 1060 Gratissimum
499 973 582 1042 inter
609 973 852 1042 Reformatores
879 973 992 1044 Musis
1015 973 1081 1042 fuit
1109 995 1170 1044 no·

232 1109 306 1160 men
326 1089 576 1156 Melanththon.
608 1088 817 1170 Eandemque
839 1087 901 1154 eibi
919 1088 1085 1157 vindicant
1099 1092 1169 1157 lau,

232 1209 303 1274 deur
318 1203 507 1290 Joaelrimus
525 1205 729 1272 Camerarius
749 1219 781 1270 et
797 1201 973 1284 Conradus
988 1206 1168 1274 Gesnurus.

167 1307 171 1316 ’
233 1322 327 1412 Quid
351 1323 497 1390 divinum
525 1322 678 1408 Scaligeri
707 1323 893 1409 ingenium,
916 1339 949 1392 et
967 1325 1087 1412 sselgici
1109 1346 1169 1395 no-

234 1437 335 1504 minis
358 1451 518 1503 aeternum
538 1436 639 1512 decus
658 1439 830 1522 Hugonem
859 1438 1014 1508 Grotium
1038 1441 1166 1524 dicam,

236 1569 375 1638 quorum
394 1565 530 1634 uterque
548 1552 589 1618 de
608 1551 704 1620 bonis
724 1552 840 1622 litteris
849 1568 881 1620 et
898 1553 1092 1622 humanitate
1109 1555 1171 1620 im-

234 1667 412 1738 mortaliter
436 1667 568 1738 meritus
592 1669 667 1738 esti
711 1667 800 1758 Quid
831 1670 968 1756 Angliae
993 1669 1085 1739 sidus
1110 1669 1175 1736 lia·

234 1802 351 1852 eonem
373 1780 620 1850 Verulamium?
665 1784 756 1872 Quid
779 1785 908 1852 Petrum
940 1783 1164 1866 Gassendom,

234 1900 341 1967 virum
373 1899 480 1966 omnis
505 1900 679 1984 elegantiae
707 1911 740 1964 et
765 1897 974 1981 antiquitatis
1009 1901 1171 1982 peritissi-

237 2033 347 2096 mum,
377 2015 562 2082 acerrimom
593 2013 770 2082 Democriti
796 2027 828 2078 et
855 2011 993 2095 Epicuri
1020 2013 1172 2082 defenso.

233 2131 328 2200 remi
373 2126 493 2214 Vignt
509 2131 614 2197 adhuc
632 2143 664 2196 et
682 2127 826 2225 omnium
850 2127 999 2196 manibus
1019 2143 1170 2198 teruntur

236 2246 358 2329 scripta
373 2245 552 2329 Montani,
570 2245 719 2330 Vayerii‚
736 2245 861 2312 Huitii.
905 2243 1024 2328 Neque
1041 2247 1170 2313 defrau=

236 2335 361 2430 dandus
382 2378 433 2429 est
456 2381 514 2428 sua
534 2363 627 2428 laude
646 2362 787 2448 Joannes
816 2359 988 2440 Clericus,
1010 2359 1062 2426 vir
1077 2375 1114 2424 ut
1132 2359 1168 2426 in

236 2479 325 2546 omni
353 2477 568 2545 doctrinarum
604 2493 717 2561 genere
746 2490 914 2556 versutus,
947 2473 991 2540 ita
1016 2473 1169 2542 Pnuoso.

238 2595 334 2680 phire
370 2592 405 2661 in
437 2592 550 2676 primis
589 2593 736 2678 peritus,
776 2609 808 2660 et
837 2605 968 2659 nostrae
1002 2593 1169 2676 quondam

46 2725 49 2733 ’
99 2743 103 2748 -
236 2706 376 2774 Scholae
404 2705 567 2791 singulare
584 2700 832 2775 'omamentum
874 2707 1008 2776 Possem
1032 2721 1063 2772 et
1085 2708 1169 2776 alios

238 2835 440 2902 memorare,
473 2835 505 2886 et
535 2823 715 2906 veneranda
756 2824 916 2902 nomina,
955 2821 1166 2902 Cartesium,

239 2931 443 3002 Leibnitium
467 2951 503 3000 ac
529 2933 751 3016 Neartonum,
779 2935 836 3017 qui
863 2909 976 3002 omnes
994 2934 1166 3017 elegantio.

236 3049 329 3116 ribos
354 3050 491 3132 litteris,
514 3051 615 3116 veluti
644 3053 733 3137 jacto
762 3049 993 3132 fundamento,
1015 3047 1168 3115 Philoson

236 3165 331 3248 phire
351 3165 529 3236 aedificium
554 3183 854 3250 superstruxerunt.

282 3281 367 3347 Cum
384 3282 485 3366 igitur
498 3283 728 3365 videamrrs,iu
750 3286 855 3351 tribus
874 3283 1017 3350 maximis
1032 3281 1074 3347 iis
1089 3297 1169 3364 post

237 3397 405 3476 hominum
433 3399 617 3466 memoriam
642 3399 762 3486 ingenii
790 3402 921 3468 humani
941 3399 1171 3468 commutatio-

238 3509 361 3592 nibus,
382 3515 467 3607 apud
490 3513 656 3609 Graecos,
679 3513 868 3598 Romanos,
894 3531 926 3582 et
950 3533 1062 3582 nostra
1085 3533 1169 3584 aeta·
1239 3495 1247 3510 ⁸

242 3641 297 3714 tt,
318 3629 357 3702 sd
372 3633 588 3726 expellendam
605 3614 778 3712 barionem
798 3633 1088 3730 restituendamque
1107 3635 1168 3700 lro.

1101 3767 1167 3826 lili*
