2388 4714
172 309 726 394 numerumnunerum·
744 317 822 396 vat.
839 321 872 394 r.
910 323 983 412 mn
1085 305 1088 316 ’

64 499 139 580 tes,
155 517 378 588 quaecumque
391 503 464 576 ilice
478 503 548 574 aiut
561 519 597 576 et
612 523 790 590 vacentur,
803 509 989 596 ingenium.-

69 615 270 700 doctrinam,
286 619 980 712 industriam,diiigcutiam,assiduitatem
1014 695 1016 702 ,

67 743 217 806 caeteras.
260 734 336 806 Hoc
357 736 439 810 eninr
463 752 495 806 et
511 736 649 806 officium
669 753 700 804 et
716 737 833 806 rationi
850 755 984 815 cunaru-

65 861 192 920 taneum
218 866 279 922 est.
326 854 429 938 igitur
445 869 477 922 et
495 867 609 950 contra
632 851 793 938 officium,
816 867 849 922 et
870 835 983 922 abau‘r·

63 967 140 1034 dum
160 983 230 1050 est,
253 972 327 1038 solo
345 970 475 1055 ingenio
490 970 538 1036 uti
555 971 637 1038 velle
655 972 688 1040 in
712 989 807 1053 opere
832 971 890 1036 uhi
913 983 990 1040 tam,

65 1105 195 1172 maguae
208 1107 289 1160 sunt
310 1107 416 1175 partes
436 1094 605 1159 multarum
622 1093 753 1158 aliatum
771 1089 977 1160 facultatum.

61 1201 124 1268 sed
141 1205 220 1286 quid
237 1205 320 1272 iilud
338 1221 387 1272 est
404 1206 493 1288 quod
509 1205 628 1288 ingenii
646 1204 777 1272 nomine
789 1199 977 1288 appellanti
1072 1274 1076 1286 ¹
1127 1185 1130 1194 ’

58 1317 139 1402 Est,
156 1319 334 1402 inquiunt,
354 1319 499 1386 celeritas
518 1318 656 1396 mentis,
679 1317 831 1386 velocitas
854 1317 978 1407 cogita

60 1436 174 1519 tionis,
188 1451 242 1502 eat
260 1435 394 1502 omuino
410 1435 553 1500 divinum
571 1433 669 1516 quid,
680 1433 769 1515 quod
785 1433 813 1498 si
832 1435 907 1514 quis
920 1433 977 1500 ha·

56 1550 125 1633 bet,
143 1551 171 1617 is
190 1549 333 1632 rcliquas
355 1547 521 1616 facultates
543 1567 610 1615 non
628 1547 794 1614 desideret.
834 1544 904 1631 Jam
928 1544 977 1612 in·

58 1665 174 1758 teiiigo,
213 1663 275 1730 Est
293 1663 442 1734 nimirum
459 1664 544 1743 tale,
562 1663 656 1746 quale
672 1661 789 1729 dicitur
806 1681 823 1726 a
841 1660 977 1728 Platone

57 1781 90 1846 de
104 1781 237 1866 puetis»,
268 1785 382 1868 ratimari
400 1787 509 1864 χρῆμα
526 1779 577 1847 nai
600 1785 713 1858 πτηνὸν
730 1780 781 1846 atati
798 1781 892 1862 isnin,
907 1777 978 1844 leve

57 1899 242 1984 negotium,
274 1913 306 1968 et
331 1897 509 1968 volaticum
542 1915 579 1964 ac
606 1913 751 1976 sactum3
782 1910 841 1974 ut,
874 1911 975 1977 quum

57 2013 130 2088 nihil
155 2012 333 2092 didiceris,
364 2025 469 2086 tamen
499 2011 606 2083 omnia
639 2009 794 2098 didicisse
824 2010 973 2084 videaris.

57 2127 209 2214 Equidem
244 2129 357 2200 nescio
391 2147 438 2206 an,
457 2129 490 2196 in
521 2129 663 2198 editione
696 2129 754 2198 hac
785 2131 973 2204 Plutarchet

1 2281 2 2290 ι
58 2243 171 2328 niiquid
195 2244 317 2330 ingenii
341 2242 397 2320 sit,
442 2243 515 2314 Hoc
544 2245 636 2327 scio,
659 2245 839 2331 quidquid,
861 2248 971 2318 autsi

60 2359 151 2442 quid,
174 2359 209 2428 in
226 2378 263 2426 ea
277 2373 326 2424 est
345 2359 559 2442 inventionis,
581 2361 643 2426 huc
672 2377 806 2429 menon
828 2363 969 2434 volando

1 2499 2 2504 ¹
58 2495 230 2550 ammarum
254 2496 339 2546 esse.
384 2477 470 2544 Mihi
490 2497 555 2544 eam
574 2493 685 2545 natura
707 2477 971 2552 tribuittardita·
1021 2529 1032 2542 ,

59 2608 134 2680 tem,
155 2612 195 2663 ut
219 2595 371 2682 gradatim
387 2596 622 2680 procedendum
641 2597 705 2678 sit,
728 2597 755 2664 si
773 2613 840 2680 quo
858 2613 972 2680 perne,-

59 2714 116 2782 nire
143 2713 294 2796 cupiam,
318 2713 369 2778 via
395 2713 594 2793 quaerenda,
620 2711 759 2786 rationes
786 2712 975 2782 subducen-

61 2829 126 2914 dae,
155 2829 479 2912 circumspiciendum
512 2828 547 2904 in
572 2845 697 2898 omnem
731 2827 877 2910 partem,
909 2827 968 2898 iux

61 2945 175 3017 aliunde
207 2965 301 3028 saepe
336 2943 545 3020 accendenda,
598 2986 620 3024 „
641 2935 751 3022 Sed,”
780 2922 965 3025 inquiunt,

65 3065 325 3148 „compendium
350 3059 470 3136 laboris
496 3057 599 3125 facere
625 3047 752 3140 poteras
779 3058 848 3143 eius
877 3075 965 3140 parte

69 3183 161 3259 „aliis
176 3177 390 3255 mandanda‚”
431 3177 574 3251 Fuetunt
601 3174 659 3258 qui
676 3175 805 3244 codices
822 3173 964 3258 scriptos

68 3293 120 3360 mei
136 3315 240 3374 caussa
257 3309 473 3379 excerperent.
518 3291 649 3362 Caetera
667 3291 775 3360 omnia
789 3289 860 3375 ipse
874 3309 965 3376 agere

67 3415 97 3467 et
111 3407 208 3479 efficere
222 3410 334 3480 debui.
378 3409 453 3479 Nos
471 3412 528 3494 qui
546 3410 581 3480 in
595 3411 658 3478 hoc
674 3409 835 3476 literatum
852 3425 964 3496 genere

64 3539 99 3596 ac
123 3543 229 3595 munere
243 3542 434 3607 versamur,
456 3543 524 3592 nnn
550 3543 664 3592 sumus
688 3523 733 3590 ita
756 3523 840 3592 beuti
866 3538 903 3590 ut
927 3524 966 3592 itt

64 3634 168 3710 familia
183 3658 294 3711 nostra
314 3659 433 3725 pucros
451 3641 595 3707 literatos
625 3639 819 3722 habeamus,
843 3638 961 3723 quibus

63 3749 277 3847 inceperam
308 3758 506 3850 mundemus.
553 3753 649 3844 Quos
664 3757 759 3836 etiam
784 3752 964 3862 sintberea

510 3867 584 3964 T5
865 3877 961 3948 inda,
