2508 4712
216 393 356 467 utus
384 391 429 464 n.
462 379 802 464 nuuuusuiu
909 379 978 486 6⁶7

54 584 209 665 Psoiimo
232 599 317 652 anno
346 578 510 663 (1770.)
532 575 728 659 Lugdunum
748 575 835 645 veni.
888 581 974 671 Qut,

58 723 149 778 meus
159 698 378 766 fueritsensus
393 696 432 760 ad
447 691 632 760 Ruhnkenii
648 691 983 779 Valckenariiquead··

56 828 326 905 spectum‚quos
342 809 457 876 absens
477 821 512 871 ut
525 805 782 872 Deoscoluetam
795 850 807 886 ,
820 805 910 873 dictu
931 823 982 884 est

59 933 208 1004 difficiles
230 923 391 998 difficilius
406 921 523 1002 etiam,
546 901 625 1003 quae
643 939 710 987 mea
732 921 828 987 fuerit
851 921 985 990 admits·

58 1050 135 1131 tio,
157 1062 259 1130 quum
284 1053 402 1114 tantam
420 1037 618 1105 diuinitatem
637 1055 710 1102 cum
729 1053 816 1106 tants
835 1038 983 1107 humani.

60 1180 129 1237 tate
144 1160 349 1244 conjunctam
368 1153 520 1219 viderem.
563 1151 786 1234 Cognoveram
805 1165 895 1218 antea
911 1153 985 1222 aliis

61 1278 98 1346 in
125 1273 260 1362 populls
283 1270 521 1350 Professores,
543 1267 600 1351 qui
628 1266 714 1348 apud
740 1267 919 1349 discipulos
952 1283 986 1339 et

63 1387 288 1468 indoctiores,
310 1401 404 1468 saepe
419 1382 511 1454 etiam
531 1381 617 1472 apud
633 1396 732 1463 aeque
744 1381 861 1448 doctos
874 1401 912 1450 ac
929 1384 990 1450 do·‘

64 1509 206 1587 otiores,
229 1481 393 1589 grauitatis
417 1513 448 1566 et
469 1499 650 1566 reconditae
672 1499 839 1582 cujusdam
864 1497 991 1582 sapien·

65 1627 133 1702 tlte
149 1620 286 1706 speciem
303 1617 497 1694 affectarent.
542 1615 640 1682 Tales
653 1631 716 1698 ogo
737 1611 883 1681 homines
897 1631 992 1682 num·

71 1757 171 1826 quam
187 1735 267 1803 ferte
282 1749 438 1821 poteram.
486 1730 548 1798 Sed
565 1747 690 1812 tamen,
714 1749 836 1797 mecum
854 1731 924 1816 ipse
937 1751 993 1798 co·

74 1853 237 1938 gitabam,
259 1851 288 1918 si
311 1847 432 1916 ferendi
455 1861 534 1912 sunt
556 1844 612 1912 isti
634 1861 761 1925 moses,
783 1842 818 1910 in
842 1845 923 1912 solis
937 1858 995 1913 eos

74 1967 178 2034 feram
193 1959 485 2048 Lugdunobatsvis
498 1958 701 2026 duumviris:
724 1958 776 2024 isis
794 1959 992 2042 concessos

70 2083 110 2150 hi
128 2082 156 2150 si
174 2077 317 2160 faciant,
339 2091 465 2144 sumant
490 2073 675 2157 superbiam
689 2074 875 2158 'quaesitam
900 2077 996 2142 meria

68 2196 132 2271 tis.
176 2195 222 2268 At
244 2195 291 2268 oil
309 2192 485 2278 quidquam
503 2189 687 2257 istiusmodi
706 2191 738 2256 in
756 2191 870 2258 honum
896 2191 999 2261 iuerat

72 2311 251 2391 moribus,
275 2308 323 2376 nll
343 2306 529 2390 supercilii,
552 2305 598 2372 nil
612 2305 849 2390 simulationis,
871 2308 918 2380 nil
934 2309 1001 2378 nisi
1144 2321 1147 2329 ·

77 2443 217 2510 verum,
247 2425 405 2508 simplex,
430 2426 628 2506 modestum,
653 2425 697 2491 nil
720 2437 787 2497 tion
809 2428 849 2493 ad
870 2429 997 2496 civilem

70 2561 111 2620 et
135 2560 337 2615 communem
359 2543 580 2624 aequalitatem
600 2559 767 2628 exactum,
790 2566 885 2631 quam
905 2567 1001 2616 nemo

78 2669 232 2753 ignorat,
253 2679 348 2728 nemo
368 2679 435 2734 uon
459 2664 685 2746 amplectitur,
708 2665 765 2748 qui
781 2683 822 2732 ex
847 2665 1001 2737 Veterum

78 2779 217 2864 scriptis
238 2795 349 2846 vetum
370 2775 543 2860 sapientiae
564 2776 708 2845 fructum
734 2781 870 2861 quaerit.
911 2783 1005 2874 Quae
1040 2816 1045 2825 ·

81 2895 258 2978 utriusque
278 2891 340 2958 viri
366 2891 400 2958 in
412 2891 673 2959 'msexstitertnt
686 2893 838 2962 beneficia
853 2912 928 2962 cum
946 2900 1008 2966 do.

84 3012 233 3104 citinas,
252 3021 321 3074 tum
341 3005 519 3088 amicitiae,
538 3005 652 3074 referre
669 3008 802 3092 longum
822 3024 885 3080 est.
916 3012 1007 3100 Lug·
1041 2977 1056 2998 ⁶

86 3132 169 3200 duni
202 3143 320 3195 annum
355 3123 425 3206 ful,
456 3123 617 3192 ventitans
651 3125 684 3192 in
711 3142 821 3216 eorum
848 3130 1007 3213 scholas,
1035 3160 1040 3175 ·

88 3256 250 3314 caeterum
270 3241 433 3308 instruens
455 3241 624 3308 editionem
645 3241 747 3330 libelli
763 3241 946 3312 Plutsrehel
962 3245 1011 3316 De

89 3365 168 3432 Sera
191 3357 345 3426 Numinis
367 3354 542 3437 Vindicta,
574 3355 663 3423 libris
686 3357 829 3424 nondum
855 3360 946 3428 lectis
969 3365 1014 3428 le·

92 3475 374 3568 pendis,ethujus
385 3472 599 3539 bibliothecae
606 3473 738 3556 scriptis
752 3473 922 3542 codicibus
937 3493 1016 3544 con·

90 3593 248 3670 ferendIs.
292 3591 412 3658 interea
439 3587 734 3656 Remonsttantlum
760 3581 904 3655 Societas
921 3607 1018 3674 quae·

90 3709 185 3782 rebat
203 3707 260 3791 qui
278 3701 510 3796 Anotelodtmi
531 3701 565 3768 in
583 3701 716 3772 allorum
732 3699 870 3796 schola,
888 3687 1020 3788 magno‘.

93 3841 170 3893 rum
188 3839 264 3890 stne
278 3821 457 3888 Doctorum
473 3815 659 3884 nominibus
674 3813 811 3899 celebri,
833 3815 1018 3887 Literarutn

94 3936 393 4030 euumopuuoqm
408 3933 641 4020 professionem
661 3913 869 4020 susciperet.⁴
895 3931 958 3999 liis
981 3944 1019 3996 ut

712 4116 715 4124 .
856 4091 864 4110 κ
965 4047 1029 4124 mio
