2506 4712
265 331 417 460 ut'ru·
442 331 497 413 m·
530 295 867 418 uuuuueu'm
960 356 1035 440 ‘m

92 543 194 605 rente
210 529 246 599 itt
270 521 323 612 his
339 529 516 600 conteres
534 527 745 612 Academiae,
771 530 830 614 qui
857 546 970 616 magna
992 550 1032 602 α

93 663 198 736 parte
210 657 277 716 eam
295 659 391 714 tetam
410 645 576 726 facerent,
600 645 654 730 (d.
673 663 705 727 5.
718 645 889 714 Decembr.
916 649 1032 732 1798.)

97 761 1034 865 SemctulReipublicaeBttcmepersuadentes3utliuhu·

98 883 194 956 keoii
209 883 366 950 literatam
384 881 641 965 supellectilem,
654 881 846 963 locupletem
859 881 947 948 illam
958 899 1033 949 cun

103 999 241 1084 optimis
261 997 373 1083 ibris,
396 1013 466 1064 tum
491 995 598 1083 ipsius
615 995 805 1064 adversariis
821 1009 854 1064 et
874 987 1032 1081 scriptis,

98 1133 174 1186 tum
195 1134 272 1184 veto
287 1113 419 1184 ineditis
435 1113 587 1180 Veterum
603 1103 753 1181 codicum
771 1113 948 1198 exemplis,
963 1113 1036 1181 uim·

83 1235 226 1302 diecret
250 1231 444 1313 adderetque
471 1223 686 1294 bibliothecae
713 1223 1034 1311 Lugduuobattvae,

100 1345 267 1433 pretiique
294 1348 370 1413 loco
389 1343 528 1428 uectigal
547 1360 690 1408 annuum
707 1342 823 1408 viduae
839 1339 1037 1427 filiabusque

101 1459 255 1541 duabus,
280 1459 474 1544 quingentos
491 1459 525 1525 io
554 1457 700 1541 singulas
725 1459 887 1541 florenos,
909 1461 1036 1528 consti·

97 1586 222 1642 tueret.
278 1573 386 1658 Culus
412 1569 637 1638 humanissimi
669 1585 703 1635 et
725 1571 759 1636 in
783 1571 915 1654 patriam
939 1589 973 1640 et
998 1573 1034 1642 in

98 1683 295 1753 Ruhnkenii
308 1687 440 1753 domum
457 1683 608 1751 beneficii
624 1689 764 1766 causst,
788 1703 839 1752 me
855 1705 1034 1771 omnesque

98 1803 212 1868 bonos
238 1797 369 1867 Scottui
391 1796 605 1884 Reipublicae
623 1798 783 1882 Batauae,
813 1815 845 1868 et
870 1802 1039 1873 Cumtoti·

95 1915 168 1983 bus
195 1915 296 2004 hujus
325 1912 539 1996 Academiae,
571 1915 723 1984 maximas
756 1917 870 1986 habete
893 1922 1037 2006 gratias,

98 2031 186 2114 quin
211 2031 288 2098 haec
320 2028 465 2098 scribens
489 2029 688 2116 profiterer,
725 2032 927 2104 committere
950 2037 1039 2106 haud

94 2141 211 2235 potui,

146 2257 192 2330 Et
216 2262 307 2346 quod
326 2255 427 2348 'saepe
452 2262 552 2333 titte'
565 2261 752 2336 facilitatem
777 2264 811 2332 in
834 2261 1031 2338 Ruhnkeoi'o

37 2419 41 2427 ·
96 2376 381 2465 paedicavimus,
403 2392 453 2444 est
479 2377 533 2444 illa
556 2375 706 2463 proiecto
735 2377 861 2465 egregia
885 2393 918 2446 et
935 2372 1039 2466 propo

100 2493 215 2562 diviua
243 2490 412 2561 felicitatis
440 2513 538 2578 pars3
569 2495 601 2562 si
635 2495 761 2577 quidem
787 2494 827 2563 ab
855 2513 890 2562 ea
915 2497 1041 2565 Home·

99 2631 162 2681 rus
185 2611 304 2698 (ιη)
326 2611 415 2678 Deos
439 2612 635 2680 immortales
661 2618 728 2698 leia
745 2613 873 2698 (donec
897 2600 1041 2699 appella·
1161 2670 1168 2698 ,

96 2727 174 2799 vit:
198 2741 231 2794 ct
250 2725 355 2796 Stoici
373 2728 520 2814 (113),
542 2727 718 2812 sapientem
736 2729 843 2796 omniu
867 2747 962 2812 quam
989 2731 1040 2800 ia.

978 2846 1037 2916 cil·

101 3073 214 3124 scetem
233 3074 262 3121 et
280 3059 316 3120 ad
334 3061 427 3138 ipsum
444 3057 591 3120 referrent.
630 3059 669 3142 lli
688 3057 822 3130 suenum,
844 3059 883 3120 ll.
903 3077 956 3122 van
974 3063 1038 3130 Ro

98 3167 177 3241 iienc
196 3164 503 3247 Jo.Lublinl,vetere
517 3161 586 3222 mibi
601 3164 723 3224 amicitia
743 3163 933 3240 conjunctus,
951 3167 1039 3229 deio-

99 3273 192 3350 genle
210 3256 370 3345 Lieeruqne
389 3268 513 3344 Belgicis
532 3268 644 3344 egregie
662 3269 797 3328 meritus:
825 3269 855 3329 S.
871 3286 925 3328 van
940 3272 1042 3350 lloog=

100 3391 233 3442 acumen.
270 3377 378 3438 caussa
404 3373 439 3434 ab
465 3373 508 3432 his
527 3373 663 3449 probus,
692 3371 849 3434 accedente
867 3375 1038 3450 reliquorum

99 3481 269 3543 Senatorum
284 3479 454 3566 uoluntate,
483 3477 592 3539 fuctum
610 3491 652 3538 est
670 3477 700 3536 in
719 3492 780 3536 eam
798 3480 962 3542 seutentiam
989 3483 1041 3544 Se·

99 3569 355 3648 mttmcoosul'mm.
788 3595 789 3600 ’
921 3573 926 3584 ’

141 3687 254 3778 (112)
277 3689 312 3750 ll.
334 3690 371 3765 ζ,
393 3689 457 3762 138.

140 3787 248 3872 (¹13)
276 3793 448 3870 Huiusmodi
466 3791 553 3854 fuisse
571 3792 734 3876 Stoicorum
762 3791 944 3872 παράδοξον,
971 3813 1038 3858 cum

104 3897 215 3960 tfiunde
236 3899 362 3975 colligo,
383 3901 473 3960 cume
494 3898 637 3960 Cicerone
664 3900 694 3958 io
712 3897 794 3962 Orat.
812 3917 866 3978 pto
885 3901 922 3962 L.
946 3899 1061 3964 Cotm'

553 4003 637 4066 ccc
654 4019 673 4078 5
976 4005 1040 4064 Bul·
