2506 4712
232 329 369 402 vtttl
397 329 444 402 n.
472 325 809 412 tottrtttnrttt.
930 355 1011 429 ῃ,

16 517 123 604 ipsa
147 517 318 605 enjnrqne
333 515 475 586 hominia
492 533 626 601 natura,
644 531 713 590 tum
733 521 995 605 veroplttrimum

20 639 243 709 futuramm
277 655 380 708 tntum
413 655 634 722 casuumque,
665 639 724 722 qni
752 639 893 711 incidere
916 661 994 725 pon-

20 775 162 841 aunt.
182 753 422 842 praemeditatio
441 755 577 842 (114),
600 771 668 826 non
683 754 777 824 anxia
793 753 847 831 illa
862 759 1006 840 quionia-

20 883 67 938 et
90 885 265 956 appetent
295 885 327 940 et
355 883 523 953 metuens,
547 871 603 939 sed
618 873 760 956 prudent
777 887 818 946 en
834 875 929 958 'justa
945 893 1006 951 re„
1147 865 1153 873 “

22 1003 119 1056 rum
152 987 377 1056 aestimatione
403 1007 440 1054 ae
467 987 580 1056 solerti
605 1004 668 1056 usn
698 987 869 1074 prolecta,
900 991 1007 1062 mini·-

23 1121 212 1187 mumqne
228 1104 379 1173 fortunae
406 1104 626 1178 committent.¹
666 1105 908 1191 llulnlenlus,
932 1108 1005 1194 qni,-

24 1235 71 1286 ιε
97 1217 164 1290 hia
184 1218 307 1287 finibus
327 1220 411 1286 intra
429 1218 607 1289 necessaria
631 1221 760 1303 negotia
783 1220 986 1306 contineret,

25 1351 134 1416 quae
161 1349 281 1417 rponte
302 1333 464 1416 linerent,
485 1349 517 1400 et
538 1333 682 1402 naturale
703 1351 798 1400 auum
815 1333 876 1402 iter
894 1335 994 1411 habe·

25 1463 147 1535 rent,
169 1450 342 1521 defuturo
363 1467 511 1521 monetat
529 1451 715 1532 sollicitus,
739 1449 910 1536 magisque
929 1451 991 1520 bo·

27 1587 81 1636 ma
133 1568 243 1636 omnir
279 1568 457 1652 sperabat,
491 1587 587 1652 qnam
623 1569 704 1636 mala
734 1568 919 1640 metuebatt
950 1569 992 1636 ad

27 1698 232 1768 utrumqne
252 1699 408 1770 paratus,
432 1684 584 1752 censebat
603 1681 771 1752 molestias
798 1699 866 1750 non
887 1682 987 1750 novio

29 1800 211 1868 molestiis
236 1802 430 1868 amovendas
460 1819 552 1884 ease,
575 1815 738 1883 quemque
760 1797 842 1868 diam
869 1817 930 1868 oua
953 1812 996 1868 et·

30 1915 256 1986 incommoda
285 1929 342 1982 ·er.
365 1913 645 1982 incommodorum
677 1912 814 1984 remedia
848 1910 982 1982 adferre.

29 2029 175 2112 Porro,
197 2029 326 2098 nullum
345 2029 375 2098 ei
393 2045 522 2115 tempus
544 2033 563 2101 i
586 2031 769 2110 Literarum
791 2027 909 2096 studiis
927 2045 985 2098 va·

33 2141 164 2210 nabata
189 2161 317 2228 aemper
333 2143 458 2227 aliquid
470 2144 610 2229 agitabat
635 2157 667 2210 et
681 2143 991 2226 commentabaturr

32 2258 136 2341 quod
159 2257 193 2325 in
228 2258 399 2343 publicum
428 2260 555 2343 ederet3
589 2261 679 2343 hot,
711 2259 872 2345 quidquid
891 2273 981 2340 erat,

31 2369 117 2439 allas
145 2389 265 2454 curan,
286 2387 375 2442 terte
396 2373 660 2462 sollicitudines,
685 2375 850 2442 exanimo
870 2372 990 2459 abige·¹

31 2486 130 2555 batt·
150 2501 242 2556 totu·
269 2489 393 2558 innoc
427 2505 514 2574 erat,
552 2493 777 2577 quartanum
802 2492 886 2564 illud
912 2493 986 2564 sibi·

34 2601 244 2696 subjiciens,

155 2776 249 2844 Musis
269 2778 397 2847 amicus,
416 2775 553 2836 tristitiam
574 2791 603 2838 et
623 2795 713 2841 metus
745 2765 751 2784 ’

153 2879 273 2940 Tradotn
292 2883 432 2956 protervis
452 2883 480 2940 in
498 2894 570 2941 mare
587 2885 750 2945 Creticum·

228 2987 344 3047 Portare
360 2988 472 3047 ventis:
489 3013 566 3038 -ιι
583 2981 693 3064 (ης)

1036 2926 1044 2970 l

40 3149 86 3217 Et
111 3167 187 3218 vero
211 3166 251 3217 eo
279 3150 382 3238 magis
409 3150 549 3222 miranda
568 3131 606 3220 tn·
619 3150 694 3235 ipro
710 3147 775 3216 fuit
796 3151 849 3217 illa
867 3149 972 3218 facili·
1000 3169 1004 3178 ·

40 3277 113 3349 tas,
135 3267 223 3349 qnod
246 3267 371 3350 magnis
397 3285 463 3339 etot
486 3269 520 3336 in
538 3267 783 3337 difficultatibus
804 3285 962 3354 perpetuo

40 3381 190 3460 servavit.
233 3381 314 3452 Erat
327 3384 382 3452 illa
403 3385 537 3452 maxime
563 3384 692 3470 quidem
720 3399 852 3452 naturae
871 3379 966 3452 boni·

41 3507 112 3584 ωε,
132 3500 188 3568 and
210 3515 242 3568 rt
268 3499 455 3572 exercitatio
479 3503 715 3571 consuetudine
737 3500 803 3570 vim
831 3517 963 3570 naturae

907 3619 963 3686 ad·
1095 3618 1097 3626 ’

75 3823 184 3906 (¹¹4)
201 3830 336 3894 videatur
354 3833 461 3934 cicero
480 3833 568 3914 Tota.
581 3828 650 3910 nl,
670 3849 727 3912 14,
748 3847 802 3912 ts,
824 3831 871 3900 16.
899 3905 901 3908 ,

76 3927 185 4012 (1¹5)
205 3937 305 4004 Horat.
324 3940 420 4004 carm.
434 3939 469 4014 1,
486 3938 547 4013 26.
566 3954 594 4002 t.
