2562 4708
234 284 300 375 ut
357 256 532 369 otnero
552 259 615 336 nn
635 251 686 343 vt
706 255 771 338 nn·
791 260 1034 353 emerem
1143 309 1152 320 ·

234 456 344 536 civilis
374 453 543 542 prudentia
572 467 604 522 et
629 472 734 524 rerum
760 458 794 528 in
825 463 915 528 omni
942 462 1029 535 vitae
1047 474 1176 556 ‚gentle

233 574 365 644 utilium
389 569 615 655 perspicientia
639 571 762 640 existit.
805 573 915 652 Altera
933 595 992 660 per
1006 583 1175 666 cognition

235 703 308 781 netu
341 705 446 756 terunt
476 697 637 770 gestarum
671 688 711 754 arl
744 705 795 755 res
824 677 1068 777 intelligibiles,
1099 696 1176 767 sive

237 811 436 892 abstractas,
460 818 499 872 ut
514 812 657 888 vocant,
681 806 791 876 ducite
814 811 854 876 ad
873 812 1092 898 percipiendas
1108 817 1171 882 do.

236 925 358 994 ettinas
373 923 499 992 animos
514 937 703 1007 praeparat,
726 931 831 992 earutn
852 924 996 1012 origine,
1019 946 1173 1014 prognes·

236 1042 352 1124 sione,
373 1039 556 1122 studiisque
578 1055 651 1126 erga
676 1057 729 1106 ets
752 1029 945 1124 hominum,
964 1045 1170 1114 enarrandis:

239 1159 351 1241 itaque
374 1172 517 1240 amatas,
550 1165 587 1235 ut
611 1155 646 1223 in
664 1145 836 1246 proverbio
855 1174 926 1242 est,
950 1159 1175 1232 doctrinarum

238 1274 361 1342 radices
383 1273 493 1338 dulces
519 1255 635 1370 reddit
681 1272 786 1360 Quanr
816 1277 995 1356 rationem,
1019 1279 1173 1360 quamvis

238 1379 411 1477 manifesto
425 1388 501 1454 loco
516 1405 534 1454 a
548 1389 663 1464 natura
681 1388 845 1477 positam,
864 1381 1089 1480 incredibiliter
1105 1394 1174 1462 ho·

238 1512 365 1592 mines,
389 1509 476 1574 haud
501 1509 626 1576 indocti
649 1507 763 1589 etiam,
791 1522 847 1576 aut
871 1511 1018 1594 ignorant
1040 1525 1096 1578 aut
1115 1530 1175 1579 ne-

240 1629 380 1715 gligunt,
422 1623 473 1692 De
496 1644 563 1708 quo
581 1627 730 1712 neglectu
748 1644 885 1712 magnus
904 1640 953 1693 est
969 1645 1105 1710 campus
1122 1629 1175 1696 di.

152 1801 154 1805 -
239 1746 355 1827 cendi,
386 1745 488 1829 maior
519 1738 613 1811 etiarn
638 1759 735 1824 quam
764 1761 826 1827 pro
857 1756 971 1810 nostro
1001 1741 1174 1816 instituto,

238 1861 347 1948 Quare
377 1859 543 1928 videamus
570 1858 609 1924 de
641 1854 769 1938 actiui,
799 1859 834 1924 id
858 1873 908 1924 est
932 1860 1114 1930 voluntatis
1138 1875 1175 1930 et

239 1995 389 2056 urorum,
410 1975 561 2056 Virtute,
592 1973 730 2058 propius
752 1974 808 2043 illa
829 1992 904 2042 cum
924 1976 1025 2061 liujus
1049 1979 1174 2048 oratioe
1202 1955 1209 1962 ²

239 2096 293 2172 nis
315 2107 503 2178 argumento
526 2092 717 2178 conjuncta.
853 2081 856 2086 ’

254 2251 258 2286 a
284 2209 422 2278 Actiacae
437 2205 580 2274 Virtutis
598 2203 844 2290 fundamentum
869 2221 919 2276 est
944 2211 1175 2296 contemplati·

240 2347 283 2400 ua
304 2325 435 2393 Virtus,
478 2321 550 2390 Nec
573 2323 655 2390 enirn
680 2324 839 2392 laudabile
859 2339 908 2392 est
935 2326 1082 2410 factum,
1103 2326 1174 2398 uisi

244 2461 263 2515 e
287 2458 376 2522 certo
396 2437 523 2526 judicio
547 2439 683 2506 existat:
705 2453 764 2506 nec
787 2438 969 2524 fortitudo,
993 2456 1174 2526 temperat«

241 2551 477 2642 tia,1‘ustitia‚
506 2553 634 2620 aliunde
657 2555 857 2625 efflorescunt
880 2571 976 2638 quam
998 2574 1037 2622 ex
1061 2575 1173 2628 rerum
1258 2641 1260 2650 y

239 2672 448 2758 cognitiones
468 2687 552 2755 quae
566 2670 630 2738 nisi
654 2670 760 2756 agenti
777 2668 909 2752 subsit,
930 2688 973 2736 ne
987 2671 1073 2739 aetio
1095 2673 1176 2756 qui‹

240 2790 311 2866 dent
340 2801 494 2874 apparet,
525 2789 583 2854 sed
614 2802 723 2857 motus
761 2785 975 2870 temerarius,
1007 2801 1173 2872 umquam

241 2903 390 2986 corporis
405 2920 503 2970 sensu
520 2900 679 2984 careatis,
703 2915 760 2968 aut
774 2900 899 2970 belluae
913 2905 1068 2988 impetus.
1102 2900 1173 2970 Ne·

242 3041 307 3106 qne
324 3038 429 3092 tamen
442 3023 511 3100 soit
524 3041 581 3105 per
595 3039 631 3090 se
645 3020 793 3106 cognitio
811 3023 892 3090 satis
909 3027 994 3090 valet
1010 3025 1050 3090 ad
1066 3022 1173 3088 actio*

239 3160 326 3210 nem.
371 3135 491 3208 Nonne
511 3139 593 3206 enim
614 3155 731 3223 saepe,
750 3157 788 3205 ac
803 3138 939 3207 nimium
958 3155 1073 3230 saepe,
1097 3135 1170 3208 lieri
1221 3147 1232 3158 '

143 3293 156 3307 «
207 3319 209 3326 .
240 3258 409 3358 uidemus,
432 3270 469 3324 ut
486 3254 643 3350 Ιιιιιιιιίιιιε
659 3273 716 3336 ea,
740 3273 823 3338 qnae
846 3254 932 3324 bona
956 3252 1170 3348 faciendaque

240 3373 306 3446 ribi
318 3373 558 3462 judicaverint,
581 3385 687 3438 tamen
705 3391 773 3462 non
790 3369 932 3452 faciant,
945 3370 1081 3451 quadam
1100 3370 1173 3438 ani·

238 3490 285 3570 nti
308 3501 342 3556 et
363 3485 541 3570 voluntatis
559 3463 798 3568 imbecillitate,
819 3487 889 3572 sive
912 3497 1000 3550 metu
1023 3484 1164 3569 retenti,

240 3601 311 3684 aive,
335 3579 514 3688 cupiditate
537 3600 574 3668 itt
598 3589 936 3675 eontrarium'delatit
966 3599 1077 3668 vident
1102 3619 1169 3666 ote«

240 3720 336 3794 liora.¹
356 3707 579 3804 probantque,
621 3717 775 3784 deteriora
807 3729 1001 3800 sequuntur.
1054 3711 1168 3798 Hujus

241 3831 433 3918 calamitatis
450 3847 525 3922 aurp
545 3831 623 3900 aliae
637 3845 714 3901 sunt
730 3849 883 3919 caussae,
900 3846 970 3902 tunt
988 3831 1063 3915 haee¹
1074 3844 1168 3916 prae«,

1119 3959 1170 4010 ct-
