2470 4724
202 293 337 368 utus
362 295 408 364 n.
437 291 772 367 nuuutnnu.
889 313 960 392 ⁵„

44 487 73 556 l.
88 501 116 552 s.
134 481 334 567 sexagesimo
352 491 480 561 quarto.
512 477 751 561 Ruhnkenius‚
771 484 828 566 qui
846 485 879 552 in
893 487 959 554 Or·

38 602 117 686 pheo
143 597 340 664 emendando
357 595 495 663 multum
515 613 629 677 operte
652 597 839 680 posuisset,
869 601 954 685 ejus-

37 733 97 796 que
124 711 289 796 specimen
316 711 349 776 in
377 709 527 792 Epistola
556 711 681 778 Critica
715 713 754 778 ad
781 713 959 794 Ernestutn

37 827 251 912 prodidisset,
272 825 507 900 emendationes
532 838 645 908 postes
667 822 735 892 sibi
751 838 843 894 natus
860 829 956 895 obtu-

34 945 71 1016 lit
91 941 254 1022 Gesner03
277 954 310 1008 at
329 939 383 1009 ille
402 939 442 1006 iis
459 939 652 1030 noluitpti,
677 953 822 1008 metuens
838 959 880 1010 ne
898 959 959 1014 sut

37 1059 187 1140 qusedtm
220 1055 347 1125 invento
379 1065 594 1135 occupasset,
622 1066 841 1128 certe.eorum
866 1070 972 1124 con··

39 1171 234 1240 mendationi
250 1170 388 1248 officeret
405 1167 592 1236 Ruhnkenii
610 1167 740 1236 lunen:
761 1171 857 1256 cuius
875 1172 955 1240 adeo

33 1304 64 1356 et
88 1287 351 1370 Fragmentorum
378 1282 570 1350 ineditorum
587 1283 808 1358 collectionem
826 1300 858 1350 et
878 1287 965 1354 scri-

31 1419 160 1488 ptorum
185 1399 334 1471 codicum
361 1396 549 1467 collationes
573 1398 756 1476 omissurus
780 1397 884 1466 fuisse
908 1399 957 1468 vi·

34 1523 144 1602 detur,
171 1516 237 1584 uisi
256 1510 388 1582 Ernesti
406 1512 536 1588 vicisset
554 1511 741 1585 auctoritas.
786 1512 896 1596 Atque
918 1532 957 1582 eo

29 1634 174 1720 pertinet
210 1631 306 1699 locus
340 1626 394 1692 hic
426 1625 474 1694 in·
493 1625 689 1711 praefatione
727 1625 934 1711 flambergeri
948 1645 976 1698 s⁸¹

36 1795 58 1834 „
78 1749 151 1814 Nec
178 1742 305 1812 studuit
330 1740 495 1808 Gesnerus
522 1743 613 1807 valde
636 1742 737 1812 mults
763 1740 898 1823 habere,
922 1757 963 1816 no

35 1882 88 1932 res
113 1863 210 1944 longo
234 1857 342 1938 fierem
366 1871 397 1925 et
423 1858 503 1922 hanc
530 1855 574 1924 ob
599 1873 743 1926 caussam
775 1874 817 1928 ne
841 1857 964 1930 obtutis

35 1977 166 2062 quidem
194 1991 250 2056 per
272 1971 502 2041 Ruhnkenium
530 1973 575 2039 V.
592 1970 648 2037 cl.
670 1970 765 2054 cujus
793 1973 958 2057 ingenium

36 2111 65 2169 et
90 2087 274 2162 doctrinam
292 2086 405 2168 quanti
424 2085 494 2178 ipse
510 2083 641 2168 fecerit,
662 2103 731 2154 non
756 2103 839 2152 uuus
865 2089 960 2154 locus

37 2208 69 2274 in
94 2206 146 2270 his
172 2201 329 2286 Orphicis
350 2199 507 2282 declaret,
538 2199 588 2268 uti
611 2201 740 2281 voluit,
761 2200 875 2285 potius
897 2219 960 2270 suo

37 2319 137 2394 solius
161 2316 300 2402 remigio
324 2333 387 2382 tem
409 2331 534 2400 gerere3
558 2314 643 2384 fotte
665 2313 759 2384 etiem
780 2317 868 2400 quod
895 2335 961 2384 me-

38 2435 165 2514 tuebat,
198 2449 243 2501 ne
266 2429 330 2498 sibi
352 2425 459 2498 simile
488 2427 603 2496 iterum
629 2430 783 2498 accideret
807 2433 895 2514 qnod
924 2433 960 2500 in
1055 2431 1061 2448 “
1182 2459 1185 2466 .

39 2545 265 2633 Scriptoribus
291 2543 352 2610 Rei
373 2540 527 2620 Rusticae
550 2541 669 2612 factum
697 2559 760 2620 est.
804 2545 965 2626 Ruhnke-¹

38 2667 91 2742 nio
114 2677 225 2731 tamen
247 2657 293 2737 V,
314 2656 371 2725 Cl.
395 2657 550 2724 debentur
575 2659 761 2744 Fragments
789 2658 910 2727 inedita
930 2673 965 2728 et

42 2779 171 2846 collatio
194 2773 390 2844 carminum
409 2769 626 2854 Orphicorum
642 2791 717 2838 cum
734 2773 904 2839 codicibus
919 2792 967 2839 re·

42 2893 100 2978 giis
111 2886 358 2962 Porisiensibus
373 2883 504 2966 tribus,
525 2883 816 2968 quietudinibus
834 2884 896 2972 viri
914 2883 967 2950 in«

39 3005 272 3094 comparabilis
291 2997 422 3068 Ernesti
441 3013 550 3080 erent,
572 2999 665 3084 cujus
692 3015 791 3064 suasu
808 3009 840 3062 et
856 2997 967 3064 consi·

39 3124 81 3190 iio
104 3121 244 3192 editioni
270 3116 484 3192 Gesnerisnse
507 3114 628 3199 adjectu
655 3111 770 3188 suut?
813 3109 969 3178 Ruhnke-

38 3240 108 3309 nius
135 3240 272 3324 quidem
304 3233 374 3300 suis
399 3228 725 3298 animadversionibus
748 3240 858 3311 postea
889 3228 967 3292 alte·

39 3375 99 3422 nm
108 3355 340 3440 Epistolstum
352 3347 546 3415 Criticttum
559 3343 730 3415 editionem
749 3340 850 3408 uttxit.
870 3338 970 3426 Quod

39 3471 149 3542 attinet
164 3473 207 3540 od
225 3464 413 3550 Scriptores
429 3460 488 3528 Rei
509 3460 682 3532 Rusticaet
708 3471 835 3527 constat
852 3457 892 3526 ad
906 3455 969 3520 ho«

39 3605 106 3652 rum
138 3586 317 3654 editionem
352 3577 610 3660 locupletandam
644 3573 790 3640 Gesnero
816 3569 969 3636 doctissi-

41 3701 156 3772 timum
175 3701 318 3776 italum,
336 3694 458 3782 Julium
480 3691 712 3768 Pontedetam,
737 3704 811 3752 suas
828 3684 972 3756 animas..

42 3817 209 3900 versiones
235 3811 389 3904 dedisse,
411 3784 523 3876 deinde
541 3803 699 3889 objecisse
723 3799 822 3876 eidem
847 3798 899 3870 uei
913 3813 973 3862 us-

497 3921 553 4014 Pu
582 3938 604 4014 s
910 3909 974 4002 di*
