2388 4714
225 259 291 332 rm
357 257 371 274 ‘
411 240 672 326 imoimo
690 241 986 324 rxwrrmn
1011 267 1042 284 ⁴·

467 493 921 604 cseur'rrr.

228 746 379 820 Historia
399 742 503 813 scuni
523 763 545 810 a
559 734 725 831 prioribus
739 745 775 807 in
783 735 1036 826 frequentandis
1053 735 1133 805 eden·

381 857 491 947 disque
512 856 719 926 Plutarchcis
740 857 872 943 scriptis
891 855 1000 943 positi.

514 1065 787 1125 ΗΟΤῘΟ
847 1065 870 1124 1.

220 1266 223 1276 ·
262 1240 357 1304 inus
376 1239 551 1314 Scriptorum
570 1237 674 1293 veteru
692 1246 722 1293 ct
740 1231 825 1292 medii
841 1237 909 1292 aeni
920 1274 930 1304 ,
949 1233 1027 1312 apud
1040 1250 1103 1314 quos

226 1373 231 1382 ·
303 1341 476 1414 Plutarchi,
495 1343 543 1402 sci
557 1344 660 1400 mentio
671 1339 726 1414 fit,
746 1340 794 1398 nel
808 1339 862 1398 loci
874 1336 1063 1414 exhibentur,
1189 1329 1190 1332 ¹

381 1441 386 1454 '
515 1450 564 1512 oei
586 1451 707 1526 vestigia
724 1457 862 1512 exstant·

225 1579 695 1764 QUAERENTIBUS
720 1664 816 1732 nobis
842 1666 984 1734 undeet
1011 1662 1136 1750 quevis
1189 1641 1191 1648 Α

166 1816 173 1831 ·
224 1785 278 1852 hic
299 1782 561 1856 Plutarcheorum
593 1782 748 1850 librorum
771 1799 923 1848 numerus
948 1797 981 1847 et
1004 1783 1139 1865 scriptu·

221 1916 274 1968 rae
297 1912 471 1966 contextus
492 1901 530 1965 ad
556 1917 617 1968 nos
643 1897 845 1982 pervenerit,
868 1897 948 1964 duee
970 1907 1138 1963 occurrunt
1191 1898 1192 1906 ’

222 2027 359 2083 ιιιιιιει
383 2014 501 2093 altere,
525 2012 693 2095 proxima,
717 2025 862 2094 quaeest
886 2033 904 2080 a
930 2013 1035 2099 prima
1058 2010 1139 2080 chal·

220 2127 415 2212 eognphics
437 2125 593 2194 editione:
619 2127 737 2210 altero,
767 2126 942 2206 remotior,
971 2129 1010 2194 nb
1039 2127 1139 2212 ipsius

218 2239 382 2312 Plutarchi
406 2255 485 2306 nero
510 2237 644 2322 repetita
668 2255 700 2308 et
722 2241 864 2309 odiham
885 2255 1138 2326 usqueeetotem

217 2354 366 2446 ¹deducta.
411 2353 469 2422 Illa
492 2356 585 2423 nullo
604 2357 700 2428 modo
723 2357 763 2426 ab
789 2357 924 2426 Editore
946 2355 1061 2442 negligi
1083 2357 1139 2418 de-

86 2497 92 2505 ·
215 2469 284 2537 bet.
336 2467 445 2554 Hujus
470 2471 620 2538 trenortio
642 2469 845 2556 paucissimis
867 2470 971 2538 adhuc
994 2465 1135 2534 adhibito

216 2598 267 2652 est
281 2581 501 2652 Auctoribus:
524 2603 628 2668 neque
649 2602 724 2652 cum
747 2584 858 2666 aliquo
875 2582 1027 2651 historiae
1044 2582 1138 2667 copia

214 2698 358 2768 adhiberi
382 2711 494 2782 potest
518 2699 583 2768 nisi
608 2697 675 2770 fere
692 2699 733 2766 iis
759 2698 817 2782 qui
839 2697 1008 2766 doctrinae
1031 2715 1065 2770 ac
1085 2715 1136 2764 se-

214 2829 284 2882 ctae
301 2815 520 2884 auctoritatem
539 2813 742 2896 habuerunt,
764 2811 866 2881 souti
883 2813 972 2880 Sacri
990 2813 1134 2896 Scripto-

214 2949 268 3000 res
287 2944 318 2996 et
336 2927 580 3010 Ecclesiastici,
602 2943 633 2996 et
656 2929 691 2996 in
715 2925 851 2996 diversis
877 2928 1044 3010 generibus
1062 2925 1135 2992 Ho-

214 3061 345 3127 merus,
385 3041 623 3126 Hippocratns,
661 3025 782 3123 Pisto,
821 3039 1042 3124 Aristoteles,
1078 3040 1138 3107 elii

125 3151 134 3160 “
214 3155 409 3240 Philosophi
427 3157 462 3238 ,⁹
477 3157 551 3222 item
587 3154 806 3239 Legislotores
832 3169 863 3222 et
887 3156 1133 3243 Juriseonsulti.

211 3270 340 3337 Caeteri
363 3271 408 3336 ite
431 3273 470 3336 ad
486 3289 546 3337 nos
567 3285 743 3352 venerunt,
766 3284 804 3336 ut
831 3289 897 3354 quo
928 3270 1039 3339 itinere
1064 3269 1136 3355 qni·

212 3381 340 3465 busque
361 3381 628 3453 conversionibus
648 3401 706 3467 per
732 3384 813 3455 hrnc
843 3385 982 3471 priorem
1001 3399 1133 3452 rentem

211 3501 382 3582 propagini
404 3514 437 3566 et
458 3499 573 3565 servati
603 3496 744 3578 fuerint,
767 3499 944 3582 ignoretur.
976 3501 1042 3568 'Et
1062 3515 1137 3568 saue

89 3669 94 3680 .
210 3612 249 3680 de
265 3609 438 3680 Plutarcho
456 3631 560 3697 pauca
584 3612 649 3680 dici
672 3625 826 3694 possunt.
872 3613 944 3686 Nec
966 3629 1068 3683 temen
1085 3615 1136 3683 id·

209 3727 378 3808 eirconon
394 3727 608 3810 quaerendum
625 3727 731 3810 qualia
748 3727 815 3794 sint
828 3729 905 3796 inec
924 3749 1048 3812 pauca;
1071 3745 1134 3794 nec

207 3833 492 3926 eommiueudum,
514 3856 551 3907 ut
578 3857 669 3912 totus
692 3842 746 3909 hic
771 3845 866 3913 locus
893 3863 1016 3924 vacuus
1039 3843 1136 3910 relin-

1056 3975 1138 4041 qua·
