2470 4724
234 289 301 385 gos
392 283 528 356 vura
563 282 611 355 n.
650 282 982 358 nununsun.

241 491 318 560 net,
340 489 372 542 et
395 475 512 560 dignus
537 485 627 540 tanto
646 473 800 557 magistro
816 470 1022 555 discipulus,
1043 473 1165 542 Ruhn-

239 593 380 673 itenius,
403 591 454 654 his
471 588 659 670 fragmentis
682 588 806 670 aliquid
820 587 902 653 lucis
918 603 950 652 et
968 605 1102 656 ornatus
1120 590 1165 656 ab
1229 637 1230 652 ,

238 707 386 778 doctrina
415 723 472 774 sua
496 704 642 771 accedere
668 705 853 773 votuerunt.
899 706 1014 786 Atque
1041 707 1166 772 utinam
1229 695 1230 750 ἓ

238 829 320 894 mihi
351 823 410 890 otii
444 835 567 888 tautum
599 819 743 901 fuisset,
775 836 811 886 ut
842 820 947 904 magis
972 821 1024 887 uti
1047 823 1085 890 in
1110 824 1166 892 hae

235 953 326 1030 parte
349 937 528 1020 potuissem
555 935 696 1006 consilio
721 936 793 1006 Cel.
813 935 1047 1018 undenarii,
1071 945 1165 1022 cujus

237 1055 291 1122 iile
321 1051 400 1120 mihi
428 1051 560 1134 ¹copiam
596 1052 767 1134 aliquundo
791 1051 1037 1122 humanissimis
1069 1033 1166 1120 literis

235 1165 336 1250 fecit3
360 1165 531 1248 proiecto,
554 1181 592 1234 ut
609 1167 742 1251 intelligi
773 1184 880 1251 potest
905 1167 1009 1234 exiis
1028 1169 1167 1248 quaeda

235 1281 393 1350 sententia
415 1282 485 1370 ejus
502 1281 535 1346 in
553 1282 677 1352 notulis
703 1283 780 1350 meis
804 1282 942 1348 subinde
967 1282 1054 1362 dixi,
1079 1283 1166 1347 mui-

231 1407 302 1462 tum
335 1397 419 1462 lueis
449 1395 637 1462 accessisset
660 1397 712 1464 his
740 1394 928 1481 fragmentis
954 1397 997 1462 ab
1013 1397 1080 1480 ejus
1104 1415 1161 1472 res,
1231 1437 1232 1442 ,

232 1510 364 1586 condita
387 1525 418 1576 et
442 1525 587 1582 accurata
610 1509 643 1578 in
666 1512 717 1578 his
738 1513 838 1578 literis
865 1512 1024 1583 doctriua.
1063 1509 1157 1576 Haec

231 1621 331 1692 habui
349 1643 430 1708 quse
455 1624 488 1690 in
510 1626 672 1711 principio
697 1625 803 1710 operis
828 1626 906 1692 novi
926 1628 1073 1699 dicerem.
1111 1625 1154 1692 in

231 1749 303 1824 uuo
327 1755 471 1806 navatam
493 1739 693 1811 Caiiimscho
709 1753 740 1806 et
755 1737 887 1808 Graccis
905 1738 1010 1808 literis
1029 1759 1161 1836 operam

230 1849 279 1923 its
295 1853 424 1937 probari
450 1853 582 1928 eruditis
607 1871 639 1924 et
661 1855 812 1938 prodesse
835 1853 960 1937 cupio,
986 1832 1030 1921 ut¹
1052 1857 1166 1922 memi-

227 1970 338 2040 nerint
366 1967 553 2036 Ruhnkenii
580 1971 660 2051 mei,
691 1970 784 2052 eique
816 1987 881 2036 non
916 1971 1017 2036 modo
1042 1971 1164 2054 gratias

228 2095 357 2152 'mecum
378 2099 492 2169 egunt,
521 2086 610 2166 quod
632 2095 694 2152 tam
724 2085 867 2152 studiose
892 2097 924 2151 et
951 2085 1045 2152 enixe
1071 2085 1166 2156 iusti·

228 2201 339 2266 tutum
359 2217 463 2264 meum
487 2198 627 2266 consilio
652 2212 684 2264 et
707 2218 740 2264 re
754 2199 863 2283 juvit,
885 2199 979 2264 etiam
1012 2199 1168 2281 speeimi.

229 2439 384 2506 utquam
405 2424 663 2518 emendatissime
683 2427 934 2507 exprimerentur
954 2429 1080 2498 omnia:
1103 2431 1169 2496 sed

227 2541 326 2608 'etiam
353 2539 479 2604 faveant
494 2537 565 2602 Viri
589 2541 755 2606 exceiienti
782 2543 912 2625 ingenio
942 2543 1073 2624 parique
1101 2544 1169 2610 do·

226 2649 377 2750 feminae,
395 2650 581 2735 faciantque
596 2667 672 2720 vota
692 2669 730 2718 ut
748 2656 858 2722 eicvita
876 2659 1071 2740 longissima
1086 2677 1169 2729 cum

234 2767 334 2836 rebus
355 2769 596 2835 secundissimis
615 2770 802 2853 contingat:
828 2771 917 2851 quod
930 2791 993 2855 ego
1010 2793 1078 2840 non
1097 2793 1170 2843 mo-

234 2885 279 2953 do
297 2881 424 2968 ipsius,
445 2885 502 2950 sed
528 2884 621 2950 etiam
643 2885 860 2952 communium
883 2887 1045 2956 literarum
1068 2909 1171 2958 caus«

221 3014 296 3083 ‘sa,
320 3001 403 3067 serio
425 3015 518 3083 opto.
538 2999 608 3067 Ser.
628 2997 760 3082 [lipsiae
774 2999 886 3066 idibus
900 3003 973 3085 Jan.
987 3023 1016 3072 a.
1036 3007 1173 3083 syon*

153 3115 158 3120 “
282 3116 477 3195 Caeterum,
509 3133 591 3196 quae
616 3133 730 3182 caussa
756 3129 897 3181 moverat
928 3120 1096 3186 Ernestum
1124 3143 1175 3191 ne

219 3229 440 3298 'Callimacho
460 3227 710 3298 vatckemriana
735 3227 878 3297 subsidia
901 3233 1089 3316 adhiberet,
1111 3255 1174 3305 ea-

217 3347 310 3414 'dem
332 3346 419 3428 apud
442 3343 624 3412 Gesnerum
642 3345 745 3411 valuit
763 3347 938 3428 quominus
957 3347 1174 3422 Ruhnkenis·

220 3459 345 3527 ·niauis
378 3458 542 3542 Orpheum
567 3473 703 3528 ornaret.
756 3459 789 3526 is
814 3463 982 3530 sub·idem
1010 3479 1171 3552 tempus,

217 3570 301 3660 ‘jam
331 3574 422 3640 senio
455 3575 560 3660 gravis
589 3573 758 3658 editionem
783 3575 915 3656 parabat
938 3579 1170 3663 Orphicorum

215 3683 448 3771 'Carminum3
471 3705 565 3768 quam
594 3689 669 3772 ipso
694 3706 822 3757 mortuo
844 3692 972 3760 demum
999 3697 1170 3780 absolvit,

140 3847 146 3864 .
229 3814 320 3874 certe
353 3799 388 3869 in
419 3803 586 3892 pubiicum
616 3805 746 3890 emisit,
779 3805 1043 3896 Hambcrgerus,
1076 3834 1168 3881 anno

644 3949 649 3956 .
1073 3927 1110 3996 h·
1131 3947 1169 4006 δ’
