2572 4710
285 267 350 338 aaa
425 247 599 324 ORATIO
620 245 681 318 hu
702 244 1061 337 commemoras

326 433 429 521 Quod
458 436 488 504 si
514 432 614 522 lpltur
639 451 851 519 quaeramus,
890 455 949 504 cur
981 434 1109 521 anaqal
1144 447 1216 512 tam

284 559 433 647 egregios
457 556 611 630 ediderint
630 558 861 644 Philosophiae
883 557 1034 640 fructus,
1056 560 1214 630 recentio-

266 651 270 664 *
286 693 337 742 res
354 695 451 756 vero,
473 671 611 742 saeculis
626 671 690 740 illis
706 673 937 756 Scholasticis,
959 675 1006 742 nil
1021 675 1085 743 nisi
1100 677 1215 744 sordes

230 825 235 834 ·
284 791 483 876 abortusque
521 792 784 877 procreaverint,
824 811 971 860 caussam
1017 791 1214 876 reperiemus

282 903 404 976 hancce
424 909 639 992 verissimam
664 907 816 976 nimirum
839 923 960 978 veteres
988 909 1128 992 primum
1152 911 1215 976 ele·

284 1025 409 1108 gandae
432 1025 539 1094 studia
563 1025 801 1110 percipiebant,
823 1025 937 1094 deinde
959 1043 995 1092 se
1009 1025 1050 1092 ad
1068 1022 1215 1090 Philoso-

287 1141 397 1224 phiam
415 1141 640 1228 applicabant:
663 1140 856 1208 recentiores
880 1129 993 1208 contra
1012 1151 1047 1205 et
1071 1138 1215 1222 primum

282 1271 314 1324 et
343 1261 452 1326 solum
473 1275 521 1328 se
547 1257 777 1342 Philosophiae
803 1255 933 1324 dabant.
985 1253 1070 1321 Nam
1096 1250 1215 1322 Graeci

284 1373 416 1456 quidem
433 1389 465 1440 et
479 1372 619 1440 Romani
640 1363 748 1454 filios,
771 1369 1027 1455 quamprimum
1051 1389 1109 1454 per
1130 1385 1215 1437 aeta·

280 1508 345 1560 tem
372 1494 507 1576 licebat,
538 1491 766 1560 Grammaticis
794 1490 828 1556 in
846 1489 1053 1572 disciplinam
1073 1487 1212 1571 dabant,

278 1609 366 1693 apud
390 1625 476 1692 quos
501 1609 693 1690 Poitarum‚
724 1605 917 1686 Oratorum,
947 1603 1209 1672 Historicorum.

283 1745 350 1815 que
372 1723 673 1806 admonitionibus,
690 1723 879 1806 sententiis,
901 1735 935 1789 et
957 1719 1113 1804 exemplis
1140 1737 1212 1786 eru-

277 1839 445 1910 direnturt
476 1859 541 1925 qua
562 1839 719 1925 elegantia
742 1839 861 1908 imbuti
891 1839 932 1934 ad
965 1836 1210 1921 concipiendam

278 1956 513 2040 Philosophiae
546 1953 799 2039 magnitudinem
829 1953 937 2022 idonei
969 1955 1212 2038 reddebantur,

279 2067 317 2140 in
343 2073 480 2156 ejusque
502 2069 613 2138 studio
632 2070 714 2136 intra
731 2069 840 2152 Justos
867 2067 946 2136 fines
963 2071 1120 2154 pulchrae
1144 2075 1210 2142 uri·

276 2184 390 2268 lisque
429 2180 573 2250 veritatis
611 2177 883 2261 continebantur,
918 2199 960 2248 ne
992 2183 1028 2252 in
1045 2203 1212 2272 ‚nugarum

280 2297 454 2368 raritatem
487 2311 707 2384 evagarentur.
759 2297 883 2366 Contra
914 2297 1040 2382 Gothi,
1072 2302 1214 2386 Franci,

279 2414 488 2498 Allcmanni,
508 2413 742 2498 Longobardi‚
765 2431 840 2479 cum
858 2412 944 2480 illam
970 2419 1066 2483 semel
1088 2435 1212 2488 amera

273 2535 370 2620 mbos
393 2533 619 2602 abstersissent
634 2534 882 2617 immanitatem,
906 2537 955 2603 vel
971 2537 1018 2604 sic
1034 2549 1140 2606 tamen
1155 2540 1215 2608 lit-i

174 2631 179 2640 ³
279 2649 440 2721 aerisaut
470 2667 581 2732 parum
611 2648 811 2731 tribuerunt,
841 2665 897 2717 aut
924 2668 1029 2718 rarum
1059 2655 1209 2724 studium

280 2765 463 2852 Theologia
482 2765 828 2850 circumscripserttnt,
850 2769 1139 2856 sacerdotibusque
1160 2793 1212 2842 re·

279 2883 455 2965 liquerunt.
504 2881 588 2948 Nam
613 2881 836 2950 honestissimi
865 2884 914 2950 illi
940 2885 1050 2956 Caroli
1076 2888 1128 2954 Μ.
1153 2911 1210 2958 co·

266 3013 375 3066 -natus
397 2995 652 3080 irritifuerunt,
682 3013 715 3065 et
738 3003 794 3066 luit
822 2999 876 3067 illa
900 3021 1031 3069 accensa
1053 3005 1151 3071 simul
1176 3017 1210 3072 et

275 3113 434 3182 exstincta
451 3112 526 3182 fuit.
570 3114 688 3199 Neque
707 3118 821 3185 melior
839 3117 1000 3184 feneratio
1017 3121 1103 3204 apud
1117 3121 1210 3192 Con·

261 3231 583 3315 stantinopolitanos
610 3250 697 3316 crat3
729 3253 802 3302 nam
831 3249 863 3301 et
886 3235 932 3301 ibi
955 3235 1135 3320 ignorantia
1158 3259 1209 3308 re-
1270 3227 1272 3238 ’

262 3345 416 3432 ·gnabar,
437 3363 624 3430 veteresque
641 3349 817 3434 scriptores
839 3366 870 3420 et
890 3353 1079 3420 dicebantur
1101 3369 1132 3422 et
1151 3358 1209 3425 ha·

275 3459 436 3528 bebantur
450 3461 604 3548 profatu,
627 3485 804 3552 eorumque
818 3469 915 3536 lectio
934 3469 1073 3538 subinde
1085 3471 1207 3558 impia,

265 3577 393 3644 nedum
409 3577 543 3650 baumer
561 3583 746 3666 putabatur.
780 3583 861 3676 ‚Sed
888 3598 991 3652 tamen
1015 3605 1090 3656 cum
1113 3607 1209 3674 expe·

256 3693 455 3764 ..ditionibus
471 3698 536 3766 illis
556 3713 669 3768 contra
692 3701 889 3781 Saracenos,
914 3701 1042 3782 quibus
1058 3724 1076 3772 a
1092 3705 1206 3772 serra·

272 3811 356 3885 turis
389 3811 498 3884 Cruce
523 3815 665 3888 nominis
698 3817 851 3886 honorem
882 3817 1092 3899 addiderunt,
1121 3833 1205 3882 non·

251 3937 257 3948 “
676 3941 681 3948 ·
1130 3919 1205 3999 nul‘
