2438 4718
144 386 204 460 nn
226 355 827 466 nunnouuu'nuucnurour.
868 393 939 490 ιι,

9 574 87 642 stris
112 577 350 643 communicare
374 575 560 661 possimus,
590 592 627 650 ut
649 597 815 647 assmsuna
836 579 943 650 nobo
1067 585 1070 594 “

8 707 157 786 suuutne
172 691 339 774 denegent.
370 691 560 774 Caeterum,
576 709 675 776 quum
694 693 757 759 hoc
773 695 929 780 jndieiutn

5 821 101 871 seror
130 805 167 872 in
193 805 461 872 demonstratione
485 813 633 874 notarum
660 804 764 891 spurii
789 818 822 873 et
838 807 939 878 alieni

6 917 142 1000 operis,
161 935 262 1000 eaque
277 917 505 986 demonstratio
521 919 567 986 sit
582 939 655 1004 pars
673 919 939 992 Animadversio.

4 1050 114 1115 uum,
137 1051 242 1114 neque
265 1033 305 1100 ab
329 1031 371 1102 iis
393 1033 537 1119 disjungi
562 1033 668 1117 possit
687 1035 766 1119 quin
783 1036 853 1121 ipsa
869 1038 937 1108 dis·

0 1144 176 1217 unctione
200 1133 319 1216 urentes
346 1149 516 1232 legentium
543 1147 779 1233 distrahantura
802 1165 932 1236 tamen,

8 1283 76 1328 uo
93 1263 210 1329 certius
228 1259 262 1331 iu
281 1262 341 1328 hae
356 1275 492 1329 censura
509 1274 541 1327 et
557 1281 619 1329 nos
641 1265 881 1348 progrediamur
897 1281 929 1337 et

19 1377 69 1444 tii·
92 1395 155 1444 nos
176 1391 377 1460 sequantur,
408 1375 648 1458 praemittamus
674 1391 935 1460 argumentorum

1 1506 192 1559 nostrorum
209 1509 284 1556 cunr
302 1492 527 1556 universorum
551 1487 837 1575 distributionem,
860 1506 929 1566 tuna

4 1621 145 1687 eorum,
169 1603 293 1686 quibus
318 1605 353 1670 in
373 1601 700 1686 Animadversionem
722 1605 804 1673 serie
825 1597 936 1682 certus

9 1739 75 1793 uon
101 1729 154 1786 est
175 1717 294 1806 locus,
316 1716 574 1801 explicationem.

219 1947 421 2016 Distributio
442 1945 734 2035 Argonautarum

43 2181 152 2264 Dixi,
176 2179 378 2263 Argumenta
396 2193 525 2250 nostrae
544 2177 774 2262 disputationis
800 2197 870 2250 esse
882 2185 936 2251 in·

7 2311 127 2376 terrra,
148 2293 212 2362 nisi
234 2291 321 2361 forte
344 2311 410 2360 uno
437 2306 571 2377 excepto
590 2307 745 2378 esterno-;
767 2292 866 2381 igitur
888 2299 928 2366 de

9 2413 71 2479 hoc
100 2409 241 2494 prinum
270 2425 491 2492 exponemus,
523 2407 634 2476 deinde
664 2411 798 2476 interna
825 2413 937 2495 persei

11 2545 156 2610 quernur.
202 2522 339 2590 interna
359 2521 488 2589 duobus
506 2523 714 2590 eontinentur
738 2527 934 2610 generibus,

10 2641 108 2708 aiteio
134 2657 273 2719 rerum,
306 2637 473 2712 verborum
500 2639 616 2706 altero:
639 2655 783 2722 quorum
805 2653 932 2705 utrum·

13 2775 73 2838 que
87 2753 275 2838 complures
293 2751 389 2817 habet
405 2768 513 2835 partes
531 2769 567 2816 ae
587 2748 720 2816 formas.
765 2750 831 2816 Res
856 2767 937 2819 cona

12 2883 99 2936 stant
127 2869 269 2934 materia
292 2879 323 2930 et
345 2863 936 2949 forma,1nmareriavtdendurn

10 2980 97 3072 quid
127 2979 234 3062 adsit,
266 2979 351 3069 quid
377 2977 481 3046 desit:
511 2979 544 3046 in
578 2993 718 3059 utroque
749 2981 939 3099 sperandeo

14 3110 92 3165 sunt
108 3110 234 3182 partera
251 3107 301 3160 est
319 3093 403 3160 eninr
422 3077 633 3162 materiaud
650 3087 788 3158 infacto
806 3061 939 3178 posite,¹

12 3211 44 3276 id
60 3223 109 3275 est
134 3209 312 3290 historica,
334 3208 388 3275 vel
404 3209 440 3276 in
460 3207 604 3288 natione,
626 3205 660 3272 id
675 3217 725 3270 est
739 3203 935 3292 dogmatica.

14 3323 123 3392 Forma
141 3323 326 3392 continetur
341 3321 467 3390 duabus
485 3321 653 3405 partibus:
678 3317 813 3402 ordine,
835 3321 869 3388 id
887 3335 936 3390 est
998 3323 1002 3330 '

16 3439 247 3508 distributione
267 3457 304 3505 ae
330 3434 548 3521 dispositione
571 3432 740 3502 materiaea
762 3455 937 3522 argumen-

19 3560 161 3636 tatione,
181 3553 218 3620 id
236 3564 286 3620 est
310 3569 395 3620 nexu
419 3563 451 3618 et
477 3548 644 3618 efficientia
657 3549 930 3621 Διοιιιιιιιὶοιιιιιιι.

17 3667 120 3736 Verba
143 3667 407 3752 complectuntur
429 3682 523 3733 omne
546 3665 628 3731 iliud
655 3663 744 3745 quod
767 3669 875 3734 oratio
899 3681 932 3736 et

19 3785 105 3850 rriius
118 3797 269 3851 vocatur.
313 3779 402 3867 Ergo
417 3783 524 3847 oratio
541 3778 705 3859 cernitur,
728 3779 816 3846 vei
805 3797 841 3848 tu
866 3780 934 3852 siu·

22 3899 100 3982 ruiis
114 3897 225 3968 uerbis
241 3895 523 3976 dictionibusquer
552 3891 630 3960 vei
621 3909 657 3962 tn
676 3907 784 3964 eatutu
799 3913 936 3979 compo·

453 4005 571 4130 Gra
896 4005 946 4082 si-
