2506 4712
231 375 314 488 ,pp
397 349 537 448 n1⁵rn
563 343 609 440 d.
639 345 976 436 nunnrnntn

242 579 313 650 beri
334 561 458 640 debeti
502 557 608 645 Igitur
636 555 740 640 qudo
768 553 787 622 t
819 564 934 621 natura
958 545 1183 627 aeerdnutiij

241 685 281 764 tit
305 702 400 770 saepe
414 671 690 766 significavimus,
704 667 821 755 Ipuicri
841 665 1021 745 decorique
1038 679 1170 730 sensum

244 801 361 882 nactus
389 810 495 880 esset,
518 797 669 877 eumque
683 783 1009 857 continua-Veterum
1035 781 1181 848 lectione

246 937 424 1007 exemeron
448 935 579 988 necesse
605 928 692 997 erat,
724 925 763 978 ut
787 913 878 994 ipse,
901 907 1048 1008 siquid
1060 903 1184 971 scribe·

243 1069 313 1134 ret,
342 1043 496 1140 Veterum
538 1031 673 1116 optimis
705 1027 892 1098 simillimus
925 1041 997 1090 esse
1032 1035 1183 1105 cuperet.

243 1157 307 1232 Sed
325 1154 411 1224 htt
402 1171 436 1220 tn
456 1167 572 1218 caussa
590 1158 686 1212 nemo
704 1155 859 1221 nonest,
881 1127 1083 1220 quiliatine
1103 1133 1188 1200 scti-

244 1269 311 1348 bit:
344 1289 438 1345 nemo
468 1282 536 1335 non
561 1261 653 1345 cupit
677 1259 718 1324 ad
748 1247 900 1322 Veterum
932 1249 1185 1318 similitudinem

246 1391 407 1461 secedere.
450 1382 558 1465 Atqui
577 1393 689 1445 eorum
713 1375 771 1458 qui
789 1371 950 1456 cupiunt,
974 1385 1073 1451 quarn
1098 1379 1184 1451 pan·

244 1511 277 1577 ei
300 1507 365 1574 hoc
391 1474 610 1581 assequuntur
625 1495 661 1562 ‘i'
688 1493 850 1562 Nimirum
869 1507 985 1557 sensus
1001 1487 1105 1573 pulcri
1121 1487 1183 1552 de·

244 1626 402 1708 entique,
425 1613 575 1701 quamvis
592 1629 683 1693 acer,
706 1625 773 1678 nnn
799 1607 880 1676 sutis
905 1618 962 1688 per
985 1621 1025 1692 se
1040 1603 1108 1688 ipse
1121 1621 1184 1672 va-

243 1733 290 1814 iet
314 1743 354 1809 td
376 1739 457 1806 bene
484 1733 647 1803 scribendi
673 1727 879 1809 facultatem
915 1727 1048 1807 oportet
1072 1737 1112 1786 ut
1138 1719 1185 1786 sit

243 1857 328 1944 idem
345 1871 433 1923 tener
448 1851 480 1918 et
495 1847 606 1916 mollis
619 1845 661 1912 ad
676 1843 913 1926 suscipiendam
929 1840 1036 1904 bonae
1052 1835 1185 1912 Latini·

247 1977 325 2044 tatis
353 1971 513 2052 formam,
536 1967 619 2034 iden
644 1976 739 2030 tenax
761 1977 796 2028 ac
822 1959 936 2027 firmus
962 1957 1002 2022 ad
1019 1975 1090 2023 eam
1108 1953 1188 2022 reti·

246 2089 403 2164 nendtmt
426 2103 524 2173 porro
548 2081 679 2150 accedat
697 2088 828 2163 oportet
850 2074 991 2159 diligens
1015 2084 1050 2138 et
1069 2068 1188 2136 conti·

247 2199 314 2276 nna
340 2225 412 2272 cum
442 2201 570 2283 lectio,
605 2211 675 2265 tum
710 2193 862 2277 scriptio.
915 2189 962 2258 Et
988 2207 1063 2254 vero
1091 2185 1186 2251 bene

245 2319 364 2390 Latine
393 2319 534 2386 scribere
555 2313 703 2394 duabus,
727 2325 765 2377 ut
782 2311 888 2392 ipsum
917 2321 1035 2374 nomen
1055 2301 1189 2388 signifi·

245 2440 319 2516 tat,
341 2440 471 2496 constat
487 2417 660 2512 partibus,
684 2427 808 2494 Latine
834 2417 1027 2498 scribendo,
1050 2419 1186 2482 etberto

247 2539 446 2616 scribendos
468 2539 589 2625 prioris
604 2541 684 2605 haec
702 2555 751 2604 est
772 2539 843 2618 vis,
868 2550 906 2600 ut
934 2533 1034 2602 oratio
1053 2533 1101 2598 sit
1114 2549 1186 2612 pu.

214 2756 218 2762 ἦ
248 2667 308 2762 ra,
332 2660 481 2742 sincere,
503 2655 689 2737 emendata,
711 2655 758 2723 nii
784 2654 903 2721 habeat
926 2653 1058 2722 sordium
1083 2651 1181 2716 dre-

243 2777 392 2848 eennore
409 2788 512 2858 nevo,
533 2771 583 2840 nil
608 2772 745 2840 alienum
770 2772 789 2838 i
806 2770 1040 2838 consuetudine
1054 2767 1180 2838 Latina

244 2905 280 2964 et
301 2894 519 2964 Grammatica
545 2883 685 2958 ratione}
717 2887 931 2972 posterioris,
965 2901 1001 2953 ut
1026 2901 1058 2952 et
1082 2905 1185 2972 argu·

245 2987 417 3093 nenton,
445 3004 580 3091 dequo
615 3005 809 3088 scribimus,
839 3019 987 3072 accurate
1007 3005 1185 3086 cognitum

242 3135 518 3214 'perspectumque
537 3118 635 3190 n'obis
660 3121 724 3202 sit,
746 3134 778 3186 et
798 3138 878 3204 punt
906 3104 962 3184 ilia
987 3121 1183 3199 sinceraque

243 3243 365 3318 Larino
383 3243 527 3313 ontione
546 3240 728 3326 explicetur
745 3251 932 3323 opportune
948 3249 981 3302 et
996 3253 1188 3302 accommo-

240 3362 322 3432 'date
337 3355 377 3430 ad
391 3359 511 3445 tripiex
529 3345 731 3440 eloquentiae
745 3343 893 3437 nunus‚'
905 3355 938 3420 id
954 3367 1027 3435 est,
1052 3351 1185 3438 perspi·

238 3489 310 3549 ‘cue
325 3481 364 3546 ad
383 3476 587 3559 docendum,
610 3475 752 3542 suaviter
775 3474 815 3541 ad
836 3461 1083 3552 delectandum
1108 3485 1188 3556 gra·

238 3588 333 3664 nitet
351 3597 390 3663 ad
406 3583 683 3662 commovendum.
706 3587 914 3682 Utrunque²
937 3605 970 3656 et
996 3592 1126 3657 Latino
1149 3605 1185 3656 et

236 3713 326 3782 'benc
343 3713 504 3796 scribere,
526 3709 657 3796 ingenio
684 3722 715 3776 et
742 3704 849 3775 labore
870 3701 1014 3792 peritur:
1039 3704 1084 3771 itt
1106 3703 1181 3788 qui·

238 3826 341 3908 'denr,
365 3841 401 3891 ut
426 3827 460 3893 in
484 3824 542 3894 iiio
570 3826 706 3911 majores
731 3825 797 3892 sint
832 3810 939 3907 partes
965 3823 1115 3904 laboris,
1147 3821 1184 3888 in

249 3939 317 4013 hot
335 3941 468 4028 ingenti.
511 3939 707 4025 lustroque
734 3941 792 4026 qui
812 3941 1028 4021 excolerent,
1050 3942 1185 4023 paucis·

622 4079 626 4090 ,
1129 4069 1182 4118 Ν,
