2470 4724
250 271 316 342 den
409 265 550 338 VITA
587 265 633 338 D.
673 211 1017 345 unumunurn

251 472 289 528 ut
311 455 467 544 Lugduni
490 455 638 524 cathedra
653 453 746 524 luris,
758 456 886 526 Publici
907 472 1053 542 vacaret,
1074 461 1160 548 eique

250 574 419 660 ornandae}
434 591 510 638 cum
539 573 689 640 scientiae
715 573 866 643 facultate
887 577 1069 666 excellens,
1093 597 1158 654 tum

247 697 351 764 famae
364 693 545 760 celebritate
564 693 691 772 clarus,
707 693 824 764 doctor
841 712 1058 776 quaereretur.
1082 699 1163 768 Con.

249 812 345 878 tinuo
361 807 589 875 Ruhnkenium
605 809 696 874 subit
711 809 828 876 Rirteri
843 811 896 878 sui
911 814 1089 894 cognatior
1104 837 1159 892 cam

251 942 327 994 cum
348 923 597 1014 Hemsterbusiu
625 929 862 998 communicat:
888 929 968 1010 qui,
992 945 1031 1006 ut
1056 951 1161 1006 nornen

246 1042 364 1110 Ritteri
380 1043 490 1124 audit,
514 1043 558 1108 ita
574 1043 661 1110 hunc
680 1046 772 1118 unice
786 1047 905 1129 expetit
919 1065 957 1113 ac
973 1049 1113 1132 probat,
1133 1065 1162 1120 ut

248 1161 282 1226 in
297 1159 419 1225 Litcris
440 1175 473 1225 et
490 1161 695 1244 Antiquitate
711 1163 990 1247 versatissimum,
1013 1181 1047 1232 et
1067 1172 1159 1236 omnis

245 1283 432 1365 Historiae,
454 1281 523 1350 sine
541 1301 605 1367 qua
623 1286 698 1350 baec
711 1283 988 1368 Jurisprudcntiae
1003 1309 1079 1372 pars
1091 1311 1158 1358 con·

246 1413 334 1468 stare
350 1419 416 1466 nun
436 1413 569 1483 posset,
592 1401 843 1484 peritissimum:
868 1408 1040 1486 persuadet
1057 1407 1154 1472 consi·

241 1513 323 1580 lium
343 1511 577 1582 Curatoribust
602 1513 636 1580 hi
661 1513 856 1588 Ruhnkenio
880 1522 1049 1603 negotium
1066 1524 1147 1605 daut,

242 1642 282 1694 nt
304 1626 449 1711 ipsarum
469 1625 606 1694 momine
630 1627 789 1697 Ritterum
817 1633 934 1702 invitet
950 1637 1050 1717 eique
1063 1641 1151 1704 carbe-

242 1741 330 1808 elram
347 1739 471 1812 offerat.
509 1740 722 1810 Ruhnkenius
738 1749 922 1824 mandatum
936 1751 1085 1820 lubenter
1095 1771 1155 1836 per·

240 1973 470 2039 hortationem.
495 1973 640 2042 Ritterus
656 1979 875 2050 conditionem
886 1980 1031 2066 accipit:
1051 1986 1153 2052 Ruhn-

239 2091 336 2157 haio
354 2105 552 2174 peramanter
567 2097 783 2179 respondens,
805 2101 845 2172 ad
860 2117 926 2172 eam
943 2100 1147 2185 accipiendam

237 2211 416 2296 plurimum
443 2213 530 2295 apud
559 2231 593 2280 sc
620 2216 762 2284 valuisse
793 2221 881 2302 quod
905 2225 948 2290 ad
978 2227 1153 2298 Academiae

237 2327 471 2408 cathedraeque
495 2327 795 2412 Lugdunobatavae
828 2341 1046 2410 celebritatem
1077 2365 1155 2413 acce-

235 2443 324 2506 deret
355 2439 526 2523 peculiaris
552 2442 605 2507 illa
629 2449 770 2514 suavitas
796 2449 1023 2524 instaurandae
1050 2462 1154 2528 vereris

235 2573 310 2625 cum
339 2554 416 2638 ipso
448 2560 717 2629 consuetudinisa
750 2583 868 2649 rogans
894 2569 1015 2656 simul,
1047 2594 1084 2642 ut
1106 2579 1156 2644 do

235 2693 324 2742 mum
356 2670 617 2757 famulitiumque
642 2681 857 2765 conduceret,
889 2705 925 2752 ac
956 2694 1159 2774 suppellectis

233 2799 295 2863 lem
322 2792 534 2878 prospiceret.
581 2793 797 2868 Ruhnlcnius
816 2803 878 2870 hoc
893 2809 1013 2875 nuntio
1038 2813 1156 2895 laetus,

234 2911 407 2979 confestim
440 2909 546 2976 omnia
578 2924 609 2976 et
640 2931 792 2996 procurat
821 2933 852 2984 et
876 2897 986 2990 efficit.
1040 2925 1157 2994 interca

233 3027 354 3094 mensis
373 3043 482 3106 unus,
505 3019 626 3093 etitem
646 3031 749 3113 alter,
774 3051 804 3098 ct
822 3035 954 3118 plures,
978 3047 1036 3106 nec
1050 3039 1157 3108 Ritte-

231 3162 290 3216 rus
312 3147 423 3214 venit:
451 3143 574 3214 frustra
594 3151 639 3215 ab
666 3155 816 3221 omnibus
846 3175 1066 3246 exspectatur,
1093 3183 1153 3232 neo

230 3263 427 3331 Rulrnlrcnio
463 3265 599 3340 subinde
628 3273 781 3340 scribenti
814 3295 851 3342 ac
883 3297 990 3348 morae
1025 3301 1154 3352 caussas

234 3382 397 3463 quaerenti
422 3385 614 3465 respondet:
649 3393 772 3455 tandem
798 3393 930 3460 veniunt
958 3399 1031 3484 ejus
1051 3401 1158 3468 literae

230 3495 448 3562 conditionem
477 3501 716 3584 renunciantis3
749 3503 873 3574 seilicet
904 3525 1039 3578 uxorem
1067 3529 1157 3585 suan

233 3609 326 3679 nullo
345 3615 443 3681 modo
459 3617 574 3682 adduci
590 3621 738 3702 potuisse
755 3639 791 3690 ut
812 3645 919 3692 secum
938 3629 972 3694 in
991 3631 1156 3699 Bataviam

233 3705 380 3810 veniret,
403 3729 603 3804 iilanr'antea
626 3739 798 3805 consilium
825 3743 1034 3826 recipiundae
1054 3765 1157 3820 novae

236 3845 386 3916 stationis
406 3851 581 3942 probasse,
604 3875 869 3950 posteaprorsua
887 3865 927 3934 ab
944 3885 984 3938 eo
999 3869 1154 3938 abaliena-

596 3984 602 4001 “
1083 3997 1149 4058 tal!
