2508 4712
686 91 703 126 fl

137 313 140 324 ·
187 267 818 370 vrra·u.1tuu1vururr.‘.
897 297 964 388 ⁶47

39 489 146 573 bquos
163 485 347 570 Scriptores
361 499 474 548 omnes
491 496 654 562 ea,quam
671 480 891 566 laudavimus,
910 503 961 552 η.

40 609 144 690 tione,
161 619 339 686 eorumque
357 601 548 668 recentiores
566 599 756 680 interpretes
772 598 904 667 criticos
931 617 964 670 et

38 720 237 805 antiquarios
254 720 373 804 legerat
389 731 514 784 ommes.
544 713 608 780 sad
624 728 690 812 erat
707 728 914 798 naturarum,
932 735 964 786 et

37 825 184 922 ipsorum
205 836 288 902 inter
304 847 402 914 se,et
418 831 632 914 magistrum,
649 828 897 897 dissimilitudo.
927 831 965 900 ln

37 947 287 1016 Hemsterhusio
302 945 384 1040 ratio
406 945 654 1024 dominabatur,
677 945 717 1010 ad
739 944 962 1014 inventionem

35 1066 157 1133 sensim
179 1077 211 1128 et
238 1061 330 1146 quasi
353 1058 577 1142 comparandis
618 1057 753 1124 calculis
783 1059 968 1144 progredie-

42 1181 153 1246 batur.
198 1181 238 1244 ln
263 1173 478 1241 Valckenario
504 1171 569 1238 fere
596 1174 704 1238 omnia
720 1187 808 1240 erant
823 1172 966 1259 ingenii,

37 1300 149 1368 subito
164 1310 198 1366 et
212 1295 368 1366 velociter
383 1299 422 1364 ad
438 1296 656 1364 inventionem
677 1295 857 1378 ferebatur,
870 1316 967 1365 caus·
982 1287 986 1293 ’

41 1435 147 1484 sarum
183 1429 349 1484 momenta
374 1413 474 1497 magis
499 1413 654 1479 sentiebat
682 1430 777 1494 quam
811 1403 986 1492 pondera-³

40 1535 107 1603 bat.
159 1532 377 1600 Ruhnkenius
402 1530 531 1596 mediam
563 1529 645 1595 inter
675 1529 849 1609 utrumque
873 1515 978 1592 habs'

40 1659 97 1724 bat
116 1667 284 1719 naturam:
308 1650 412 1716 aderat
436 1647 575 1730 impetus
593 1645 736 1730 ingenii,
760 1643 866 1712 aderat
884 1661 966 1727 quae

41 1775 201 1855 impetum
218 1781 340 1853 regeret
355 1767 457 1832 rarior
472 1783 529 1836 nec
546 1761 724 1831 disserendi
741 1760 968 1845 diligentiore·
989 1767 993 1774 ’

41 1885 137 1952 debat
158 1883 333 1967 magistro,
356 1897 414 1946 nec
439 1877 632 1964 conjiciendi
654 1875 782 1942 solertia
804 1876 970 1943 condisci-

36 2001 142 2086 pulos
167 2012 302 2081 utraque
318 1997 372 2062 iiia
390 1996 465 2062 dote
481 1993 605 2060 valebat
631 1991 778 2075 profecta
792 2009 831 2058 ex
849 1991 968 2075 pariet

39 2117 202 2184 acuminis
215 2114 395 2193 celeritate,
419 2109 576 2193 etjudicii
596 2106 787 2174 subtilitate.
833 2105 969 2174 Valcke-

39 2235 122 2304 narii
150 2233 230 2298 mira
254 2228 319 2294 fuit
341 2225 497 2311 sagacitas
523 2223 555 2288 in
586 2221 754 2288 Poetarum
781 2222 980 2306 fragmentu-

38 2373 98 2440 per
115 2347 228 2420 omnia
242 2343 460 2426 Antiquitatis
480 2352 685 2407 monumenta
702 2337 906 2420 dispersisse
922 2339 969 2404 la·

41 2467 190 2536 tentibus
216 2459 472 2544 investigandis,
503 2454 699 2536 excitandis,
727 2453 965 2523 instaurandis:
1041 2531 1045 2542 2

42 2607 108 2670 quo
127 2583 164 2652 in
184 2579 325 2648 Critices
343 2591 473 2644 munere
491 2573 614 2656 primus
631 2555 783 2637 excelluit
800 2569 970 2654 Scaliger,

44 2719 112 2768 tum
132 2696 318 2780 Bentlejusa
342 2692 396 2758 cui
414 2704 452 2757 ut
469 2685 721 2766 Valckenarius,
745 2685 789 2752 ita
804 2685 882 2751 huic
894 2705 974 2768 pro.

43 2817 152 2882 ximus
170 2811 240 2878 fuit
259 2807 484 2874 Rulrnltenins.
518 2799 581 2866 Hic
604 2818 672 2866 non
688 2813 860 2864 contentus
875 2797 972 2864 editis

45 2939 200 3005 Veterum
225 2929 340 3010 libris,
369 2924 509 2992 ineditos
528 2919 623 2986 etiam
642 2915 974 2982 consectabaturom·

44 3073 121 3122 nes:
137 3051 347 3124 eretorurn,
370 3037 687 3113 Grammaticorum,
705 3023 974 3107 Scholiastarum,

46 3171 173 3251 glossas
190 3161 342 3245 cognitas
359 3167 609 3240 perspectasque
624 3145 783 3227 habebat,
798 3159 976 3225 earumque

46 3283 154 3352 fontes
170 3295 205 3346 et
224 3275 317 3358 quasi
334 3271 558 3340 successiones
575 3283 660 3333 unus
678 3261 823 3332 omnium
842 3259 977 3328 maxime

48 3399 191 3467 tenebat.
234 3387 466 3484 Valckenarius
483 3385 589 3454 minus
603 3383 769 3464 aliquanto
783 3375 976 3444 ineditorum

44 3518 189 3600 cupidus
218 3509 398 3590 librorum,
427 3503 521 3574 editis
545 3501 612 3570 fere
628 3513 825 3578 contentus,
848 3513 980 3566 omnent

45 3639 120 3704 item
139 3655 181 3702 ex
200 3633 244 3698 iis
262 3629 417 3698 omnibus
436 3627 596 3693 materiam
606 3633 826 3704 excerpserat,
843 3635 977 3700 eamque

46 3769 209 3836 praeterea
235 3748 382 3816 retulerat
406 3745 446 3812 ad
468 3741 648 3810 interiorem
674 3737 843 3820 Linguae,
873 3734 981 3801 Diale·

42 3883 214 3953 crorum,
246 3861 423 3950 Analoglac
449 3871 482 3924 et
509 3853 670 3940 originum
696 3849 883 3931 scientiam,
916 3863 981 3926 qua

509 3968 563 4040 ,Ss
583 3989 605 4053 4
871 3960 982 4044 ipsum
