2470 4724
190 261 329 368 urna
356 269 403 342 us
432 257 777 378 nuuutanrr.
894 294 968 394 aa

23 446 146 546 -irsllls,
166 479 255 548 quos
275 460 319 526 de
336 459 549 544 Philosophia
571 457 685 528 deinde
707 451 839 562 scripsit
856 455 962 532 lune

26 575 98 644 sica
116 577 248 664 lingua,
266 571 512 661 Metaphysices
530 564 772 644 abstrusissima
789 587 956 664 argumen·
1003 573 1015 582 '

26 703 60 758 ta
79 693 225 760 suaviter
246 699 284 758 ae'
307 691 448 760 dilucide
472 679 644 774 exposuita
668 701 706 757 ut
725 709 799 758 eum
826 682 954 760 dubites

25 807 288 873 subtilitatemne
310 817 351 874 au
375 797 570 875 Socraticam
595 795 735 873 nativam
754 823 956 876 venustatem

23 915 136 1006 magis
160 909 314 1003 mireris,
345 929 430 990 terte
457 921 623 990 Platonem
657 922 766 1007 ipsum
803 911 958 992 Francice

21 1034 237 1104 disserentem
264 1033 323 1099 tibi
348 1035 456 1104 audire
475 1035 623 1106 videaris.
669 1028 773 1124 Quam
800 1040 956 1109 rationem

21 1152 137 1218 adhuc
154 1152 188 1218 in
208 1151 377 1219 Germania
395 1137 624 1236 elegantissimi
643 1153 957 1244 quiqueltehuerunt

19 1267 239 1354 philosophi,
261 1255 530 1350 Mendelssohni,
553 1260 714 1351 soimeri,
731 1257 806 1351 alii;
825 1283 856 1334 et
871 1255 956 1338 e'arn·

21 1383 96 1450 dem
114 1367 262 1468 profectu
280 1387 426 1467 repetent
444 1402 544 1467 seque
562 1373 629 1469 ipsi
650 1403 688 1450 ex
706 1382 877 1451 uerborum
896 1386 956 1452 ob.

23 1501 187 1568 sturitate
212 1505 246 1564 at
271 1487 450 1568 involueris
476 1501 517 1566 ad
542 1500 730 1583 popularem
764 1513 896 1583 captum
926 1515 958 1570 et

26 1601 229 1683 Socraticam
257 1613 517 1700 perspicuitatem
549 1601 759 1696 explicabunt
783 1608 957 1684 novissimi

23 1729 79 1797 illi
99 1726 265 1796 doctrinae
281 1728 299 1796 l
314 1726 571 1814 Regiomontauo
590 1717 775 1796 Ruhnkeuii
795 1725 957 1800 condisci-

22 1847 116 1930 pulo
133 1844 278 1928 proditae
286 1837 466 1927 sequacem
488 1827 516 1907 si
536 1841 665 1924 quidem
683 1837 898 1930 Philosophia
917 1843 957 1918 ad

25 1941 237 2029 communem
265 1945 396 2025 humani
423 1957 548 2042 generis
577 1957 747 2025 utilitatem
776 1961 959 2049 intelligen-

29 2067 179 2160 tiamque
205 2055 351 2160 spectat}
380 2088 440 2140 nec
466 2061 536 2158 ejus
562 2067 703 2142 studiosi
731 2075 835 2161 magis
854 2076 960 2149 verbis

34 2209 137 2278 quam
163 2189 259 2256 rebus
282 2175 399 2256 fidunt.
531 2261 535 2268 .

71 2305 177 2376 Edito
203 2291 361 2389 timaeo,
390 2297 608 2372 Ruhnkenius
633 2293 695 2392 iam
721 2297 766 2373 ita
786 2317 819 2375 et
844 2298 965 2406 doctri·

32 2438 73 2498 na
88 2411 279 2512 perfectus,
295 2438 327 2491 et
348 2411 513 2491 doctrinae
531 2413 614 2490 fama
631 2415 736 2494 clarus
753 2439 835 2508 erat,
856 2429 894 2492 nl
911 2441 964 2492 ae·

35 2533 181 2614 cessioni
195 2529 308 2610 nuilus
326 2557 495 2624 superesse
509 2527 604 2609 iocus
621 2535 794 2609 videretlrta
839 2529 884 2608 Et
899 2544 965 2628 jam

39 2661 149 2728 decem
169 2672 270 2724 annos
292 2654 326 2722 iu
345 2641 472 2721 Batauis
491 2655 639 2739 degerat,
662 2667 694 2722 'et
712 2657 786 2722 cunr
805 2671 967 2727 tantarum
1058 2681 1063 2690 ·

38 2759 171 2840 laudum
189 2757 466 2836 commendatione
490 2769 595 2835 adhue
617 2771 682 2834 erat
701 2765 872 2853 privatus,
894 2791 970 2840 nec·

41 2887 117 2952 dum
138 2883 177 2952 ad
198 2879 366 2976 publicum
386 2879 522 2952 docendi
538 2894 657 2949 munus
679 2885 870 2966 provectus·
908 2889 971 2954 At·
1087 2867 1091 2880 ’

43 3001 98 3084 qui
116 3000 161 3066 ita
177 2999 353 3079 acciderat,
377 2995 452 3082 ipso
468 2997 584 3084 partini
601 2999 751 3080 uolente,
771 2997 885 3086 partim
902 3019 970 3072 nou

40 3119 184 3188 nolente.
228 3107 372 3184 Subinde
399 3121 470 3184 elam
500 3121 623 3182 veteres
650 3113 769 3216 amici,
798 3113 970 3202 thterns‚

43 3230 220 3324 lisgerus,
243 3225 427 3317 Emeum,
450 3249 507 3318 per
525 3230 631 3299 literas
657 3233 851 3314 mouebant,
873 3231 971 3300 habe·

44 3371 75 3422 te
96 3371 136 3424 se
161 3337 435 3437 opportunitatem
460 3347 651 3436 impetrandi
679 3347 708 3417 ei
735 3347 876 3418 muneris
896 3370 982 3435 pro·.

43 3459 173 3538 'sessoria
199 3470 232 3535 ln
264 3455 458 3549 Germania,
490 3480 545 3547 et,
575 3462 672 3533 modo
694 3455 766 3551 ipse
788 3462 908 3548 vellet,
940 3463 974 3538 iu

44 3597 178 3668 promtu
194 3603 263 3650 esse
281 3586 351 3670 ejus
369 3583 509 3650 muneris
531 3575 749 3669 adeptionem.
794 3577 898 3670 Sane,
922 3603 976 3653 ac·

45 3707 193 3792 tipienda
218 3705 273 3773 tali
293 3693 481 3776 conditione
505 3701 642 3787 melius,
667 3722 761 3788 quam
787 3719 901 3790 postea
925 3701 973 3772 fe·

46 3824 115 3914 tit,
136 3825 317 3898 rationibus
335 3825 404 3894 suis
422 3839 453 3892 et
469 3823 598 3892 lutare
617 3825 662 3894 rel
685 3817 834 3896 familiari
856 3839 979 3894 consu·
1058 3867 1062 3882 ,
1138 3789 1141 3796 ’

515 3945 578 4013 oo
806 3969 814 3974 ·
898 3939 979 4007 luis·
