2438 4718
228 321 283 398 ru
309 315 580 398 rtnrnacrn
609 315 835 396 monstrt,
933 323 999 419 atr
1130 361 1136 370 ·

73 505 316 600 eligentesque
324 512 482 589 lectores.
495 519 581 594 quos
594 509 675 578 mibi
685 511 919 582 administratae
931 515 1010 582 hu·-

72 627 125 714 lus
152 627 342 711 provinciae
361 627 486 714 ludices
512 625 682 710 obtingere
709 639 811 710 optor
849 640 880 692 et
896 629 999 698 dicam

72 759 146 810 cum
164 743 206 808 de
221 755 290 828 me,
317 755 384 809 tum
400 743 440 809 de
456 738 681 814 decessoribus
694 758 731 808 rc
747 740 999 812 successoribus

72 855 168 924 meis.
213 854 402 942 vosigitur
424 855 575 940 appello,
595 853 691 939 aequi
716 852 998 938 intelligentesque

74 967 220 1058 jndices!
248 970 318 1040 Vos
344 973 480 1040 obsecro
499 983 536 1038 ut
550 969 629 1036 mihi
648 968 849 1053 ignoscetis,
872 968 998 1053 siquid

75 1103 242 1168 unvero,
258 1087 309 1152 rel
324 1085 523 1171 ignorantia,
544 1085 597 1151 vel
611 1083 823 1170 negligentia,
845 1086 897 1154 uel
914 1083 1001 1154 obli·

77 1199 188 1269 vionet
212 1199 369 1268 siminus
387 1217 483 1284 quam
503 1218 564 1283 pro
584 1213 638 1267 tot
661 1215 817 1266 sonorum
831 1213 998 1286 exspecta·
1028 1290 1036 1300 .

76 1313 163 1384 tiorm
176 1315 343 1384 doctrinae
364 1315 594 1401 copiarumque
610 1313 760 1380 attulero.
803 1313 1005 1400 Legentium·

73 1428 191 1498 studiis
214 1429 259 1496 its
281 1431 475 1512 consulam,
497 1443 534 1497 ut
555 1429 681 1528 nullum
708 1447 775 1496 non
793 1429 903 1498 locum
917 1429 1003 1500 dilli-

71 1543 170 1612 silem
199 1544 418 1613 obscurumve
440 1545 493 1612 vel
523 1543 686 1630 expediam
717 1541 747 1611 si
767 1557 909 1627 potero,
938 1559 997 1613 aut

73 1658 128 1726 sim
149 1659 260 1726 minua
282 1674 416 1746 potero,
440 1657 658 1728 difficultatem
679 1671 806 1742 notem,
828 1641 995 1742 meamque

72 1771 148 1858 ipsc
170 1772 383 1858 ignorantiam
411 1791 478 1840 non
505 1771 716 1840 dissimulem.
759 1771 995 1842 Decessoribus

70 1887 155 1956 meis
178 1887 366 1972 Xylandro,
397 1887 582 1974 Stephano,
604 1887 703 1970 aliis,
732 1905 792 1956 sua
809 1903 869 1955 nec
893 1888 997 1956 detra·

71 2003 146 2072 bam
167 2001 354 2072 benefacta
377 2002 593 2088 inventaque,
624 2021 683 2073 nec
709 2001 786 2072 mibi
807 2000 996 2071 vindicabo.

73 2118 223 2202 Eorum,
252 2118 310 2204 qni
332 2117 510 2203 singulares
539 2115 746 2186 Plutarcheos
768 2105 897 2185 libellos
920 2114 1000 2186 tiro·

75 2249 149 2302 aum
174 2232 291 2318 captui
312 2233 611 2314 accommodarunt,
630 2232 776 2318 copiolas
795 2250 862 2300 non
886 2249 1003 2301 conse·
1055 2289 1059 2296 .

79 2347 212 2416 cttbort
234 2359 333 2432 atque
351 2348 382 2416 si
398 2347 562 2431 subinde,
585 2361 622 2414 ut
646 2344 708 2432 fit,
737 2347 842 2416 eadem
859 2349 933 2433 ipse
952 2349 1007 2419 los

73 2479 110 2529 ca
128 2461 320 2545 monitaque
338 2463 495 2545 attulero,
520 2461 596 2530 baec
613 2481 681 2530 non
706 2481 747 2530 ex
764 2463 893 2532 illorum
910 2461 999 2530 rivu-

70 2575 131 2662 lis,
152 2577 216 2645 sed
231 2595 271 2644 ex
286 2576 367 2659 ipsis
384 2577 536 2645 fontibus
549 2579 584 2645 in
604 2596 708 2646 meum
729 2593 918 2662 apparatum
934 2575 1003 2642 du-

73 2705 123 2758 cas
137 2711 177 2762 ex
199 2708 307 2776 eoque
333 2689 367 2758 in
390 2692 693 2762 Animadversiones
712 2693 877 2775 depromta
892 2705 1003 2767 erunt.

75 2799 290 2876 Successores
307 2805 392 2888 mei,
406 2807 475 2873 sive
492 2809 639 2873 uniuersa
656 2804 726 2872 sive
741 2803 915 2888 singularia
927 2805 1006 2880 Plu«,

79 2922 176 2989 tarcbi
190 2939 292 3008 opera
308 2919 426 2988 edituri
442 2919 532 3003 sint,
554 2937 655 2986 meam
679 2935 807 3001 operam
824 2917 948 2984 etiamsi
971 2921 1000 2989 si

77 3035 320 3118 superaverint,
337 3033 563 3119 nedespiciaut
573 3054 583 3104 r
593 3033 642 3102 illi
658 3031 821 3118 cogitent,
832 3033 1005 3117 longema-

75 3149 150 3236 ioris
166 3169 245 3222 erse
264 3149 384 3222 laboris
407 3146 613 3218 strumenta
631 3151 735 3236 jacere
756 3146 1004 3232 aediliciumque

75 3281 266 3351 uendere,
288 3283 382 3349 quam
397 3276 561 3334 exstructo
579 3261 745 3348 fastigium
761 3261 943 3347 imponere:
966 3264 1002 3332 hl

71 3384 279 3452 attendantet
292 3391 415 3464 qurnto
426 3377 471 3445 sit
480 3373 610 3445 facilius
621 3395 721 3446 unum
736 3375 887 3462 copiose,
899 3397 998 3461 quam

73 3509 254 3584 octogenos
279 3493 404 3562 modice
421 3507 533 3561 ornare
549 3489 673 3574 libros,
695 3505 727 3559 et
745 3490 780 3564 in
797 3492 894 3602 parvi
907 3494 1001 3563 libel·

71 3609 95 3675 li
116 3611 272 3695 quamvis
294 3609 432 3692 copioso
449 3605 679 3677 commentario
702 3605 906 3680 conficiendo
928 3630 997 3682 nom

72 3725 176 3794 omme
193 3721 357 3795 exhauriri
374 3742 392 3791 a
409 3720 506 3790 nobis
522 3738 643 3806 posse,
666 3723 831 3809 multaque
852 3745 996 3796 nostram

72 3837 276 3928 diligenthm
290 3835 446 3924 effugere,
467 3853 549 3948 quae
562 3835 603 3904 ad
617 3852 681 3904 mm
693 3839 890 3925 pertinum
914 3859 1000 3924 quo·
1050 3899 1056 3916 ,

926 3971 999 4026 rum
