2506 4712
233 297 369 376 atra
397 297 444 370 n.
474 297 814 394 auuutanrr.
924 297 1029 404 tur

18 503 71 560 u
103 487 278 573 dolebrtq
301 499 474 572 aaronque
500 485 644 586 dolorem
681 503 712 556 et
741 493 848 561 uerbis
872 508 991 566 muto.

21 603 213 678 musculis
235 603 396 696 leniebat,
419 618 514 668 suum
541 600 611 684 ipae
637 603 766 688 genium
792 605 994 695 defraudant.

17 709 259 804 Supervenit
287 701 380 782 etlam
406 714 516 782 uxoris
543 719 742 788 erminonis·
761 715 846 789 filiae
866 721 1003 796 cladesr

24 853 158 924 quarn
190 833 244 900 ille
259 832 380 900 aladen
411 840 501 898 utet
527 825 671 900 dolenter
697 849 728 901 et
758 835 887 906 fortiter
911 841 994 907 aule·

23 956 113 1037 rit,
140 971 226 1021 eum
253 971 350 1037 rupta
373 951 537 1034 ditium,
562 966 631 1044 tum
657 965 772 1019 notum
794 967 844 1020 eat
869 953 902 1020 in
919 956 992 1022 vol·

28 1097 128 1165 gua.
198 1075 256 1144 lllr
281 1075 445 1142 calamitas
469 1072 721 1158 parcimoniam,
744 1085 781 1136 ut
804 1072 905 1158 magis
936 1090 993 1138 ne·

28 1189 266 1271 marian,
297 1187 341 1256 ita
373 1190 479 1256 minua
505 1187 659 1254 efficacem
691 1178 851 1252 reddebat.
899 1187 993 1254 Pater

29 1304 226 1378 infelicem
249 1292 359 1371 moris
386 1302 587 1384 minorisque
613 1299 697 1368 filiae
719 1316 837 1368 sortem
853 1301 991 1369 commi·
1096 1386 1101 1394 Ι

33 1427 198 1501 aeraria,
219 1431 251 1483 et
281 1419 411 1504 maioris
441 1419 644 1502 integraeque
668 1414 751 1484 filiae
768 1431 841 1503 erga
858 1419 930 1486 ilias
955 1431 989 1490 et

35 1533 170 1620 ipsum
208 1533 354 1615 pietate,
389 1550 495 1613 tura,
527 1530 756 1614 diligentiaque
792 1525 993 1620 delectatur,
1109 1559 1112 1566 ·

36 1644 208 1716 mollior.
218 1643 410 1729 faciliorque
436 1660 501 1712 erat
517 1646 555 1712 ad
571 1647 811 1728 obsequendum
830 1660 991 1714 utrarum·
1122 1639 1126 1650 '

40 1783 117 1850 que
145 1763 378 1830 voluntatibus
401 1780 438 1829 ac
463 1759 640 1830 derideriia.
685 1757 796 1848 Ergo,
819 1763 848 1831 ai
867 1765 994 1850 quaeri.

40 1890 129 1946 mus
163 1873 288 1958 qualia,
312 1869 408 1945 fuerit
436 1876 697 1962 paterfamiliae,
724 1891 860 1961 utraque
892 1875 991 1964 liuius

43 1995 154 2064 officii
178 2007 254 2076 para
272 1996 407 2062 seorsim
427 2006 476 2062 est
493 1994 679 2078 spectanda.
720 1993 804 2061 Nant
821 2013 894 2079 erga
908 2009 992 2062 uxo·

34 2125 113 2204 'retn
143 2105 300 2209 filiaeque
321 2128 387 2177 non
413 2110 520 2178 minua
545 2109 738 2193 prudenter,
762 2122 857 2194 quam
877 2111 983 2178 indol-

47 2243 169 2316 qenter
194 2242 397 2322 amanterque
421 2243 457 2293 ee
479 2225 608 2310 gensit:
640 2227 673 2292 in
699 2226 751 2294 hia
773 2227 895 2308 eriam,
928 2243 989 2309 pro

37 2349 236 2441 ⁴utriusque
268 2357 394 2432 ¹captu,
430 2339 667 2426 instituendis,
696 2342 894 2426 erudiendis,
923 2335 992 2410 for·

50 2463 212 2546 mandis,
232 2477 306 2533 cum
335 2460 527 2546 diligenter,
559 2473 628 2526 tum
657 2457 851 2544 liberaliter;
875 2473 912 2526 ut
930 2478 991 2543 nee

52 2596 202 2668 operae,
230 2593 289 2646 aee
314 2576 467 2660 armtui,
495 2565 565 2645 aive
591 2575 632 2655 ad
664 2579 819 2658 cultum,
850 2576 919 2644 sive
947 2573 991 2646 ad
1063 2641 1066 2652 ,

53 2691 238 2762 mercedem
259 2687 512 2756 adhibendorum
545 2691 801 2772 magistrorum,
831 2704 986 2776 parceret.
1105 2713 1109 2722 ¹

38 2807 105 2888 ,At
142 2804 182 2873 in
213 2821 248 2870 re
277 2793 555 2886 facultatibusque
594 2803 723 2870 tuendis
754 2817 785 2868 et
814 2799 989 2892 augendis,

59 2935 166 3004 quum
186 2935 253 2986 non
276 2931 390 3002 portet
405 2916 494 3000 quod
521 2915 641 2997 vellet,
665 2914 742 2984 feeit
757 2919 848 3000 quod
864 2917 989 3001 potuit.

49 3034 148 3132 ,uam
177 3035 216 3102 ad
241 3030 436 3106 necesaarios
459 3033 554 3119 illor,
588 3051 674 3117 quoa
702 3035 800 3102 modo
823 3035 990 3122 diximus,

57 3171 220 3241 rotator,
240 3145 430 3226 recedebant
458 3155 719 3238 extraordinarii,
742 3173 827 3238 quor
857 3154 1008 3227 bonerte.

9 3285 10 3288 ’
64 3269 176 3339 omitti
200 3288 278 3352 non¹
294 3283 392 3353 posse
422 3270 581 3340 emanat
632 3269 779 3341 Habebat
810 3285 904 3340 urum
934 3291 993 3346 co·

46 3384 220 3468 ‚numque
248 3381 463 3453 bibliothecae
489 3387 658 3478 publicae,
687 3400 725 3456 ut
748 3401 780 3454 et
802 3383 994 3472 Professor,

48 3513 99 3571 ,et
119 3499 208 3590 illios
235 3499 306 3582 ipae
331 3501 665 3584 praefecturamque
692 3519 782 3570 auam
807 3485 871 3568 a'ibi
885 3495 993 3584 priva·

51 3623 134 3710 'tam
151 3611 238 3679 domi
256 3613 482 3682 bibliothecam
501 3615 608 3684 minua
630 3615 824 3700 locupletem
848 3633 994 3685 necessa·

67 3728 115 3821 ala
140 3727 296 3800 librorum
322 3727 523 3816 supellectile
545 3749 617 3801 erae
638 3732 788 3800 volebat:
813 3731 990 3816 habuitque

71 3863 252 3942 eamaaue,
271 3849 427 3944 librorum
457 3871 531 3922 cum
554 3871 708 3940 numero,
739 3868 808 3920 tum
828 3868 994 3940 praestan·

929 3963 993 4050 tia,
