2470 4724
214 287 422 380 vnn-nm
451 302 811 443 nuntiarent:
911 317 994 400 qq

49 499 173 568 mum
189 513 223 568 et
238 499 412 584 quintum,
435 513 502 578 qno
518 497 701 566 earumdem
718 497 862 568 studium
880 500 993 570 (ῒήεν

50 616 102 684 cis
119 603 322 697 ‘Latinisque
337 610 560 694 Scriptoribos
574 611 718 698 iependis
735 615 836 700 repeti
855 618 994 686 iustam·

49 731 181 814 ratique
200 729 329 812 coepit:
354 739 386 794 et
409 725 448 792 ab
476 744 514 792 eo
538 726 613 794 inde
635 741 781 814 tempore
802 731 848 800 ite
869 735 989 816 quem·⁸

52 865 123 930 que
141 843 302 930 populum
325 841 366 908 sd
385 841 565 908 divinarum
586 842 860 930 humanarumque
876 865 983 916 rernm

49 959 245 1040 sciendam,
273 971 467 1040 omnemque
493 957 709 1026 doctrinarum
735 976 772 1027 ec
798 961 982 1032 libentiium

51 1073 173 1142 artium
204 1073 355 1144 rationem
378 1070 487 1156 magis
515 1069 714 1154 profecisse,
744 1093 813 1158 quo
838 1077 983 1160 quisque

49 1191 157 1275 magis
173 1189 288 1258 veteris
307 1186 451 1255 Graecae
466 1185 694 1270 Romanaeque
717 1189 873 1275 originis,
900 1205 983 1258 nm.
1028 1173 1031 1186 '

50 1323 150 1390 quam
165 1303 329 1389 igniculos
345 1318 378 1372 et
396 1301 518 1370 semina
534 1301 571 1368 in
586 1301 706 1369 amens
724 1303 834 1370 abdita
849 1306 982 1374 elisum

50 1435 103 1488 set
116 1437 153 1488 ac
170 1417 384 1499 suscitasset,
407 1415 447 1484 sd
463 1416 599 1501 eiusque
615 1417 753 1504 originis
771 1437 902 1488 sensum
924 1421 983 1488 ba·

52 1537 226 1618 bicumque
249 1549 286 1602 se
309 1532 484 1600 tractandis
505 1517 665 1614 Antiquis
690 1531 917 1618 scriptoribus
935 1553 985 1600 re·
1038 1557 1042 1564 ·

51 1649 223 1722 stituisset
246 1661 343 1730 atque
367 1645 617 1716 conformasset.
669 1645 748 1736 Quo
772 1649 807 1716 in
834 1649 982 1735 judicio,

49 1781 154 1834 nemo
178 1761 274 1828 facile
297 1759 467 1830 humanior
492 1762 511 1826 d
535 1759 632 1828 nobis
658 1762 852 1832 dissentiat:
872 1777 930 1832 aut
954 1764 985 1832 si

55 1879 140 1964 quis
155 1877 241 1946 forte
253 1873 426 1956 dissentit,
448 1872 530 1942 iilud
547 1889 632 1942 certe
647 1875 742 1944 uobis
758 1879 913 1946 concedat
928 1897 985 1946 ne·

48 2013 149 2066 eesse
166 2007 237 2070 est,
261 1989 455 2058 uberrimum
474 2005 546 2084 esse
566 1989 672 2058 omnis
699 1991 855 2062 humanae
870 1992 984 2082 cogni-

52 2110 158 2180 tionis
179 2105 303 2176 fontem
321 2103 356 2172 in
371 2104 593 2188 Antiquotum
611 2105 770 2190 seriptis,
791 2108 908 2174 multas
927 2109 984 2176 sd·

53 2229 119 2296 buc
144 2241 316 2306 superesse
338 2219 373 2286 in
396 2220 518 2286 nostris
540 2220 700 2306 ingeniis,
723 2219 863 2299 animis,
886 2223 985 2290 mori.

52 2340 133 2422 bus,
165 2337 353 2414 institutis,
379 2333 586 2418 disciplinis,
628 2337 768 2420 studbs,
804 2337 984 2408 barbaricae

54 2455 175 2526 semina
189 2451 349 2538 originis,
367 2467 403 2516 ac
421 2450 572 2534 reliquias
589 2454 766 2536 sordesque
780 2452 878 2522 medii
893 2454 983 2538 aevi,

56 2589 137 2654 quas
159 2567 203 2634 ita
222 2583 383 2649 quemque
401 2565 582 2634 certissime
599 2567 779 2654 abstergere
802 2584 835 2635 et
851 2570 983 2649 eluere,

55 2701 89 2754 ot
112 2683 253 2752 manime
275 2679 582 2764 diligentissimeque
605 2696 722 2766 pectus
744 2681 985 2768 limpidissimis
1092 2713 1094 2720 ·

55 2799 271 2888 Antiquarum
290 2793 472 2860 Literarum
492 2791 642 2860 fontibus
663 2793 854 2876 irrigaverit.
886 2781 985 2866 Adeo

56 2914 133 2982 iliud
151 2909 280 2978 Horatii
296 2910 316 2995 (
330 2907 399 2992 14)
422 2909 461 2974 de
477 2904 634 2973 Romanis
648 2905 796 2989 dictum,
818 2908 985 2980 verissime

56 3027 91 3096 iu
108 3041 252 3096 nostrum
270 3037 401 3092 oetatem
429 3036 604 3104 nostraque
622 3033 788 3105 tempora,
811 3024 912 3092 veluti
929 3047 984 3098 as·

57 3141 98 3212 tis
118 3141 314 3221 oraculum,
336 3139 439 3206 rsiete

290 3403 294 3415 ι
355 3369 411 3432 Sed
429 3370 458 3428 in
475 3369 590 3446 longum
612 3381 703 3430 temen
721 3383 823 3432 evum

145 3480 334 3550 Mausersnt,
352 3475 494 3550 bodicque
512 3487 641 3548 manent,
659 3474 779 3548 vestigia
796 3475 879 3539 ruris,

144 3587 233 3648 serus
251 3585 324 3643 enim
344 3579 460 3642 Graecis
479 3579 604 3642 admovit
622 3579 751 3646 acumine
769 3579 883 3648 cirrus.
970 3633 976 3648 ,

914 3683 986 3759 Ag.

100 3870 188 3952 (¹4)
208 3873 304 3950 Epist.
323 3871 375 3943 ii,
396 3885 432 3942 ι,
453 3884 517 3948 asp.
