2506 4712
256 321 329 437 qis
419 313 553 412 ulus
590 335 636 407 u.
675 317 1024 411 unumunurn
1058 316 1091 375 ι’

255 537 323 617 tls,
355 549 423 600 non
458 527 565 622 minus
601 517 790 592 instructam
819 523 1071 609 refertamqne,
1095 517 1208 610 qnaffi

255 647 422 736 principes
435 639 614 708 Litcrarum
627 641 772 723 plerique
792 639 868 724 ipsu
882 639 984 727 longe
1007 643 1202 730 beatioras3

256 769 359 854 igitur
381 761 488 828 bonos
509 757 634 840 libros,
657 771 689 824 et
710 769 833 824 veteres
856 769 889 824 et
905 777 1046 842 novos,
1071 775 1116 828 ex
1133 763 1209 829 lln·

258 885 421 969 tiqusrum
449 893 561 961 genere
587 873 791 976 Literarum,
823 871 946 957 qulbus
979 874 1132 959 insignit
1158 877 1211 942 ad

261 993 359 1069 usum
385 997 504 1062 inesset
527 993 609 1072 dos,
637 987 705 1056 fere
733 1007 844 1058 omnes
867 991 920 1057 vel
947 989 1125 1074 habebut,
1151 991 1213 1060 vei

259 1111 394 1188 emebat.
438 1109 541 1193 Saepe
561 1105 657 1174 etiam
684 1106 845 1174 incidebat
866 1107 918 1178 vel
943 1111 1137 1178 necessitas
1155 1113 1214 1180 vel

260 1209 490 1320 opportunitas
517 1225 634 1292 vetetis
659 1225 782 1294 codicis
810 1223 926 1308 scripti
956 1225 995 1291 in
1019 1241 1134 1296 extera
1158 1229 1216 1296 bi·

258 1349 425 1418 bliotheca
446 1339 653 1421 conferendi,
682 1354 738 1406 tut
767 1339 988 1412 describendis
1019 1361 1084 1410 noc
1112 1366 1217 1429 opus

262 1465 354 1534 nulla
370 1461 510 1528 mercede
525 1454 717 1522 constabat:
740 1453 774 1520 in
790 1471 892 1537 caque
907 1453 1068 1522 offerenda
1083 1471 1120 1524 et
1134 1459 1219 1526 sol·
1250 1489 1251 1544 r

261 1583 387 1670 ⁴vetuit,
409 1585 480 1668 ipse
510 1579 652 1648 studium
682 1595 776 1644 suum
794 1578 920 1662 magis,
944 1595 1045 1661 quarn
1064 1577 1220 1650 faculta·
1249 1589 1251 1650 l

242 1689 309 1785 ,tis
338 1705 493 1784 modum,
518 1697 720 1768 consulebat.
765 1693 875 1781 Quum
904 1713 962 1760 sua
983 1695 1065 1780 ipse
1091 1715 1216 1767 natura

258 1807 371 1889 ¹facilis
389 1834 425 1882 ac
443 1813 604 1893 liberalis,
627 1811 861 1878 consuetudine
888 1829 1025 1894 quoque
1058 1815 1216 1884 sociabi-

262 1931 308 1999 lis
333 1946 364 1998 et
386 1928 582 2014 hospitalis,
605 1926 696 2011 longi
718 1925 874 2009 temporis
903 1945 968 1992 usu
991 1928 1093 1995 etiam
1120 1933 1215 2000 ntul-

266 2061 375 2114 totum
396 2042 670 2112 familiaritatibus
686 2042 865 2125 implicitus
879 2056 985 2126 esaet3
1008 2041 1117 2110 facere
1131 2063 1215 2115 nom
1251 2129 1252 2144 χ

265 2151 414 2248 poterat,
438 2159 517 2242 quin
542 2175 620 2238 cos,
644 2157 837 2241 quibuscum
861 2159 926 2242 ipsi
955 2162 1111 2242 quaedam
1139 2181 1215 2232 no-

261 2269 379 2362 'titiae‚
412 2257 683 2358 consuetudinis,
716 2277 834 2358 officii,
867 2277 1035 2360 studium,
1056 2279 1215 2348 societas

262 2396 501 2475 intercederet,
529 2393 667 2458 libenter
689 2395 741 2459 vel
772 2394 812 2458 cd
836 2403 978 2460 mensam
1009 2394 1212 2478 adhiberet,

260 2509 317 2602 yel
345 2505 499 2576 conuiuio
533 2505 727 2586 honoraret,
757 2507 808 2573 vel
842 2505 988 2591 hospitio
1020 2509 1209 2589 acciperet.

258 2618 429 2696 ‘Musicam
455 2639 534 2706 puer
562 2620 740 2689 didicerata
764 2635 879 2704 postca
903 2620 972 2712 ejus
988 2639 1127 2690 motem
1147 2643 1214 2693 te.

266 2743 394 2823 linuit,
417 2757 484 2807 non
500 2754 536 2806 ut
555 2757 620 2804 earn
638 2736 819 2820 lectitaret,
844 2739 901 2804 sed
915 2751 953 2803 ut
967 2737 1060 2805 docte
1073 2737 1213 2808 audiret

259 2860 306 2926 ‘rc
329 2857 505 2948 judictteta
538 2848 648 2919 filiam'
671 2851 823 2936 majorem
849 2853 1076 2937 peroptimos
1103 2860 1214 2942 magi·

260 2976 360 3044 'stros
375 2973 414 3038 ad
425 2967 578 3055 egregiam
600 2969 732 3034 canendi
755 2945 921 3035 scientiam
946 2969 1212 3060 facultatemque

257 3087 429 3168 ‘erudiret3
452 3102 510 3151 nec
527 3081 592 3149 iere
606 3080 661 3147 au‘t
682 3081 847 3167 publicum
865 3077 1207 3172 symphoniacorum,

253 3188 329 3276 ²aut
352 3191 516 3291 singulare
537 3201 723 3296 excellentis
748 3191 880 3271 artificis
902 3195 1048 3272 actortna
1065 3205 1207 3274 exhibe·

253 3313 383 3405 ''retut,
407 3319 489 3404 quin
513 3317 544 3384 id
573 3301 632 3384 sda
652 3302 933 3413 commendatione
954 3315 997 3384 a'c
1022 3316 1210 3403 praesentia

251 3419 456 3504 ‘celebraret
500 3433 550 3500 De
571 3424 752 3500 venationis
777 3419 1035 3516 consuetudine,
1058 3449 1093 3500 et
1118 3437 1207 3504 dixi·

254 3541 348 3616 'utus
373 3561 481 3630 antea,
511 3563 543 3615 et
578 3562 691 3631 postet
724 3545 878 3614 dicemus.
928 3545 1040 3631 Atque
1070 3549 1208 3618 illorum

251 3653 259 3666 '
276 3660 522 3732 oblectationem
541 3662 722 3731 studiorum
737 3658 801 3727 sibi
818 3674 1011 3729 caeterorum
1028 3679 1203 3734 sumtuum

274 3795 398 3862 parco,
421 3793 458 3845 ut
472 3781 510 3846 td
526 3779 728 3847 recreandum
745 3776 886 3844 aniumm
908 3775 1148 3861 nccesmtiam,
1170 3792 1205 3849 st

251 3893 347 3980 'lpse
374 3893 551 3977 sumebat,
582 3907 635 3978 et,
664 3907 703 3960 ut
731 3893 854 3981 lostam
889 3893 1129 3977 motamque,
1161 3894 1204 3958 rb

249 4017 253 4026 ’
303 4023 307 4032 “
1129 4023 1203 4082 ⁰8!
