2348 4716
180 297 518 378 BIBLIOTHECAE
539 305 767 386 culintuna.
871 331 937 408 ¹35

36 485 363 571 cumconndimus,
388 490 476 574 quod
499 494 557 562 riri
582 511 776 580 praestantes
800 499 929 587 ingenio

37 605 219 689 iutrimqm
249 628 383 695 operam
415 613 510 684 nobis
544 635 634 686 suam
670 619 809 706 polliciti
836 642 925 696 sunt.

40 719 179 803 iperium,
201 725 237 790 in
259 745 329 809 quo
353 748 537 815 versemur,
568 749 692 804 rantum
719 739 801 819 erit,
829 759 930 822 quan-

45 847 106 898 mm
122 833 240 905 cr'aices
267 843 321 907 vis
343 857 442 924 arque
457 859 598 927 potestas
619 863 725 930 patet:
752 869 835 932 quae
859 852 932 934 qui·

56 951 553 1043 clen‚mttore·1lemsrerhusio‚
580 981 690 1031 omnes
721 965 929 1034 numanitatis

63 1062 198 1146 ὅπως
223 1073 472 1155 complectitur,
505 1093 538 1142 et
566 1078 600 1143 in
635 1077 713 1148 alias
743 1078 928 1164 frequenter

65 1184 184 1265 tptdrur.
225 1187 335 1270 Atque
360 1189 422 1256 hoc
450 1193 592 1274 spatium
615 1209 681 1259 non
707 1193 750 1261 ita
776 1197 925 1282 antiqua·

59 1297 275 1367 micenarum
302 1306 455 1371 cancellis
478 1307 815 1392 circumscripsimus,
839 1314 922 1394 quin

51 1417 255 1490 percendum
279 1437 411 1503 qnoque
438 1425 544 1504 studia
570 1443 744 1508 vagemur,
774 1427 921 1510 scriptis·

52 1543 140 1606 ητα
156 1529 235 1596 libris
249 1534 397 1600 omnibus
418 1536 525 1602 locum
552 1538 686 1622 demus,
710 1540 765 1622 qui
790 1541 922 1623 quidem

47 1641 158 1722 aliquam
185 1667 248 1714 tum
278 1650 439 1716 doctrinae
471 1655 624 1737 elegantia
656 1652 921 1741 conjunctionem

45 1756 301 1831 lamentantur.
328 1767 368 1833 ln
387 1767 445 1832 hae
462 1770 555 1852 copia
573 1788 591 1833 a
606 1771 757 1837 varietate
774 1791 842 1837 non
860 1772 921 1836 erit

50 1876 122 1952 quoi
144 1873 205 1943 hnic
236 1880 318 1964 operi
354 1881 485 1948 aliunde
525 1883 720 1950 lenocinium
758 1898 917 1967 petamus.

42 1987 230 2061 ramnum
246 2015 312 2066 eam
336 2000 554 2081 suavitatem,
579 2017 672 2083 quam
692 1999 780 2084 ipsae
795 1999 918 2070 litterae

42 2105 254 2195 spontciermt,
277 2112 377 2196 magis
402 2127 560 2180 austeram
585 2129 617 2182 er
635 2114 789 2198 solidam,
813 2135 912 2200 quam

44 2219 229 2308 dulecnatqne
245 2228 421 2294 decoctam.
458 2217 620 2298 ¹Ceterum
647 2247 780 2298 censura
795 2247 910 2301 nostra

40 2337 344 2429 mulmentcupabitur
357 2345 443 2413 iniis
457 2347 573 2428 libris,
595 2345 714 2430 quibus
728 2347 777 2413 vel
794 2363 905 2417 aucto·

41 2455 90 2537 ris,
111 2461 151 2526 rel
168 2463 291 2530 editoris
323 2476 355 2529 et
378 2461 582 2548 interpretis,
617 2463 667 2530 vel
696 2465 905 2549 argumenti,

40 2576 197 2658 inmitia,
224 2595 422 2646 momentum
446 2579 580 2661 aliquod
604 2579 713 2664 addit3
737 2579 904 2663 dolisque

38 2693 181 2758 ammeio
200 2709 366 2776 utramque
392 2706 510 2777 partem
538 2712 752 2776 exponemus,
774 2694 838 2776 ita,
862 2701 902 2758 ut

9 2853 10 2860 κ
38 2805 239 2878 inaltandis
270 2809 469 2893 virtutibus,
499 2824 530 2877 et
557 2812 820 2900 reprehendendis
847 2811 898 2877 via

9 2921 81 3030 1tir,
103 2925 178 2992 unice
201 2925 366 2992 veritatem
395 2944 577 3009 sequamur.
630 2927 734 3014 Quam
768 2926 897 3008 quidem

9 3057 10 3064 ¹
35 3033 154 3107 muntem
167 3061 258 3110 nemo
275 3042 359 3133 erit,
375 3042 453 3124 qui,
474 3043 639 3126 superbiae
655 3043 776 3131 magis,
800 3060 898 3124 quant

32 3149 153 3222 liummm
175 3175 311 3238 caussa,
335 3157 492 3223 sumsisse
512 3173 574 3224 nos
593 3171 698 3240 putet.
743 3153 829 3220 Nam
849 3154 895 3220 le·

31 3265 86 3334 nnn
104 3273 249 3341 hominum
277 3290 399 3340 errores
431 3289 489 3338 nec
517 3286 631 3338 cautos
663 3273 797 3336 lectores
820 3268 892 3340 inli-

34 3377 105 3465 cite,
123 3403 148 3453 et
167 3391 226 3474 ipsi
253 3407 314 3456 sua
346 3387 474 3456 levitate
504 3399 724 3457 evanescunt:
763 3405 893 3472 magno·

31 3515 83 3564 wll
101 3505 206 3574 virorum
238 3525 364 3574 errores
400 3506 592 3592 anctoritate
624 3504 796 3587 plurimum
830 3524 891 3573 nc·

29 3631 99 3698 cent,
113 3637 134 3686 rt
150 3627 278 3691 celerius
296 3622 422 3691 animos
444 3623 599 3706 capiunt,
620 3637 651 3687 er
669 3621 703 3690 in
729 3621 770 3690 iis
792 3623 888 3691 altio·

29 3735 157 3808 Mulio
166 3756 277 3830 agunt.
325 3740 372 3812 Et
391 3759 452 3808 nos
474 3739 539 3822 iis,
560 3739 642 3823 qui,
664 3737 693 3808 si
721 3759 783 3825 qua
801 3741 884 3822 lapsi

426 3857 442 3922 l
465 3875 484 3939 3
814 3855 892 3921 lusu
