2470 4724
244 265 385 364 vira
418 285 464 362 n.
500 275 839 370 munusturi
941 293 1016 386 ssa

80 467 195 546 tolus
215 492 329 562 postea
345 473 486 544 subinde
499 475 633 561 agitavit
651 476 850 560 eonsilium,
872 477 929 562 qai
941 475 1008 548 Ca·
1036 500 1044 510 ⁴

79 592 203 660 merarii
219 593 321 658 libros
337 591 380 658 ad
397 607 467 656 eum
487 590 639 674 paulatim
658 591 791 674 collegit
811 609 1003 677 numerum,

79 721 117 776 ut
132 709 172 776 ad
187 725 345 775 summam
363 705 551 790 paucissimi
566 707 797 776 desiderentur.

122 825 294 894 Caeterum
313 821 531 892 Ruhnkenius
549 821 767 910 wittehergse
782 822 936 894 nonnfflil
949 823 1009 892 eti·

77 955 131 1008 arn
155 957 271 1024 operae
287 939 401 1006 tribuit
420 937 543 1006 scholis
566 937 832 1020 Mathematieis‚
856 937 1012 1006 Disiecti·

77 1057 151 1138 eis,
174 1071 204 1124 et
221 1075 295 1124 vero
309 1054 568 1142 Metaphysicis‚
591 1073 674 1140 quae
688 1057 728 1123 ad
741 1053 894 1124 rationem
911 1055 1009 1125 Wol-

77 1171 195 1240 nonam
220 1173 441 1242 habebanture
465 1175 508 1239 ita
524 1172 677 1256 quidem,
700 1185 738 1239 ut
754 1185 921 1256 gustaret,
945 1185 1006 1240 nte
1127 1243 1139 1264 ‚

76 1285 263 1371 ignoraret,
287 1285 550 1369 Philosophiam.
593 1285 639 1354 iit
660 1285 750 1369 quod
770 1285 884 1368 Nepos
901 1287 947 1354 ait
967 1286 1009 1354 de

75 1401 196 1473 Attico
214 1403 233 1486 (
249 1403 341 1486 rt),
364 1403 481 1488 arrigit
498 1387 621 1492 quoque
632 1403 802 1490 poeticen,
821 1400 1010 1484 credimus,

74 1539 117 1588 ne
134 1517 204 1603 q'us
222 1535 336 1608 expers
363 1529 441 1586 esser
468 1519 666 1586 suauitatis:
688 1517 770 1589 idem
790 1517 830 1584 de
851 1517 964 1586 studio
987 1535 1009 1587 a

74 1651 113 1702 ae
135 1631 369 1715 Philosophiae
391 1617 556 1714 impertito
581 1631 686 1698 dicere
711 1631 836 1698 solebat
851 1628 1007 1702 Ruhnke-

75 1753 156 1822 nius
168 1751 376 1835 ‚suavitatem
392 1747 601 1832 fructumque
616 1745 844 1840 Philosophiae
860 1749 1004 1833 positum
1083 1727 1086 1740 ’

73 1885 150 1936 esse
176 1865 209 1934 in
236 1867 358 1936 ratione
384 1879 416 1932 et
440 1863 566 1948 forma,
582 1881 649 1932 non
670 1864 704 1931 in
722 1865 850 1933 materia
864 1878 899 1932 et
913 1881 1007 1951 argu

69 1997 211 2066 rnentoq
236 1983 359 2074 quippe
374 1983 415 2050 de
426 1983 522 2068 cuius
542 1983 674 2050 veritate
689 1982 797 2050 onnia
813 2001 887 2050 esse
902 1984 1005 2056 incer·

68 2117 119 2172 ta.
165 2101 219 2170 De
245 2118 313 2182 quo
332 2101 479 2184 equidem
499 2113 537 2172 ut
556 2100 659 2172 nolim
683 2115 842 2183 statuere,
864 2102 909 2170 ita
923 2105 1004 2176 iilud

69 2213 163 2283 haud
198 2211 387 2282 dubitanter
409 2215 583 2299 affirmem,
612 2213 844 2288 Ruhnkenium
867 2235 908 2286 ex
929 2221 1003 2303 illa,
1078 2255 1082 2266 ,

72 2345 298 2415 quaecumque
321 2327 408 2412 suit,
435 2329 666 2416 Philosophiae
684 2333 894 2430 eognitione,
914 2337 1004 2424 qus·

68 2448 162 2518 modi
180 2465 311 2514 sensum
324 2446 511 2531 ingeniique
527 2447 671 2516 habitum
689 2451 841 2534 traxisse,
854 2465 891 2516 ut
907 2465 1004 2536 post·

68 2583 105 2634 ea
132 2561 361 2646 Philosophus·
371 2561 502 2630 Veteres
521 2577 553 2629 et
569 2565 685 2649 legeret
701 2563 880 2646 libentius,
896 2585 929 2633 et
952 2569 1003 2638 in.

67 2679 231 2765 relligeret
247 2675 400 2760 facilins,
422 2697 518 2764 quam
544 2681 651 2747 soient
666 2677 733 2745 iere
749 2681 869 2750 literati
886 2681 1004 2752 Philo·
1020 2757 1032 2782 Ι

67 2791 209 2876 sophiae
235 2791 359 2879 lgnaria
390 2807 459 2859 tum
485 2811 563 2860 vero
585 2794 788 2874 eloquentiae
811 2793 1010 2871 facultatem-

68 2905 328 2991 torroborasse‚
359 2925 494 2992 umque
525 2906 702 2974 disseoendi
732 2913 1001 2992 consuetudinem

66 3022 224 3104 duxisse,
248 3041 330 3107 quae
356 3023 391 3095 in
419 3021 572 3092 omnibus
591 3022 661 3110 ejus
677 3023 747 3110 ejus
762 3022 896 3110 scriptis
912 3037 1004 3097 eoin·

66 3135 390 3222 mentationibusqoe
413 3153 568 3226 apparet,
590 3135 1004 3225 deliniendi,·distrihuen·
1147 3134 1150 3145 ’

63 3253 126 3336 di,
148 3252 413 3338 argumentandi,
436 3269 468 3322 tt
493 3271 557 3322 sem
582 3273 744 3340 quamque
762 3275 825 3326 suo
848 3259 923 3326 loco
937 3279 1003 3345 po·

63 3369 191 3444 nendit
215 3371 338 3454 quibus
365 3369 479 3440 officiis
503 3372 681 3460 neglectis,
704 3373 775 3440 irus
791 3377 1004 3459 perspicuita-

63 3487 118 3555 tIs
136 3485 398 3571 elegantiaeqne,
412 3502 451 3554 et
473 3488 606 3558 omnino
623 3489 705 3556 bene
723 3488 884 3564 scribendi
899 3491 1006 3562 faeni·

62 3609 146 3683 tta,
166 3614 291 3668 exstare
306 3597 396 3668 nulia
413 3615 536 3688 potest.
654 3601 657 3608 ’
