2572 4710
256 311 323 416 lia
360 263 620 398 armanno
644 243 847 389 {astuto
867 289 1117 390 rumesta.
1237 395 1243 410 ‚

252 493 325 599 tio,
342 529 379 582 ut
395 511 496 581 nolim
513 527 622 619 eorum
637 503 763 593 judicio
780 501 1196 592 degannientium:

125 675 126 680 ,
255 651 356 718 vero,
379 628 453 712 quis
471 624 598 708 turpior
615 639 684 689 esse
702 634 810 736 potest
832 635 940 701 error,
964 615 1058 701 quam
1080 623 1193 686 suam?

252 743 477 846 negligentiam
500 742 539 806 ad
568 727 769 804 communem
796 751 899 833 rerum
918 748 1062 802 naturam
1080 733 1178 802 refer·

252 852 311 943 re,
334 877 415 944 quae
430 853 618 941 longissime
634 855 726 921 abest
749 871 775 918 a·
791 851 993 936 temeritate,
1009 866 1042 918 ct
1063 851 1174 936 potrus

252 995 369 1068 certam
392 976 476 1043 vlam
501 973 721 1053 rationemque
742 967 915 1052 sequitur?
960 968 1066 1053 Atqui
1084 957 1176 1036 'hanc

107 1139 110 1148 ·
252 1093 335 1162 viam
351 1083 549 1170 uliucttca,
575 1083 680 1153 veluti
696 1083 891 1170 speculatrix
901 1101 946 1186 'ac
963 1082 1107 1152 venatrix
1119 1099 1176 1151 nc·

251 1213 363 1288 turae,
386 1201 480 1270 certls
507 1195 656 1283 vestlgtis
678 1195 831 1283 indagat,
853 1198 1034 1296 describit,
1057 1197 1182 1266 descrl·

250 1291 340 1411 ptam
364 1321 405 1388 ad
421 1333 622 1385 communem
645 1313 814 1383 utilitatem
833 1293 1012 1400 proponitg
1036 1327 1177 1382 etmens

251 1423 413 1516 tamquam
436 1425 599 1498 intabuit
614 1427 674 1495 iter
696 1445 791 1496 suum
808 1429 881 1512 lpse
900 1442 1095 1510 cognoscet,
1119 1445 1181 1495 neu

250 1569 314 1634 que
330 1549 364 1616 in
380 1565 457 1615 tero
477 1546 657 1629 quaerendo
682 1559 797 1612 temere
818 1561 971 1631 vagetur,
994 1555 1051 1610 aut
1066 1563 1174 1615 caeco

249 1641 374 1749 iissem
390 1661 551 1730 reanr.·'
570 1643 641 1742 aa,
662 1660 838 1742 inquunt»,
862 1659 1034 1728 munuca
1047 1659 1087 1727 te
1101 1660 1175 1744 syt-
1240 1702 1249 1718 .

246 1780 458 1866 logismorum
480 1775 594 1864 liguris
609 1777 641 1846 'et
658 1779 764 1852 modis
783 1779 1075 1863 muitaqraeclpit,
1092 1793 1179 1862 quae

246 1897 441 1966 'abhorreant
465 1893 504 1962 ab
530 1893 684 1979 elegantia
713 1893 897 1976 doctrinae,
925 1909 958 1962 et
989 1895 1083 1977 plena
1106 1895 1176 1968 sint

246 2029 427 2097 nugatum,
456 2005 608 2078 utilitatis
627 1989 745 2077 inania.
788 2009 917 2079 dudlot
940 2029 1048 2095 neque
1062 2031 1173 2099 nego,

203 2211 209 2225 g
247 2133 350 2200 multa
371 2147 442 2196 esse
466 2121 652 2211 compendia
678 2129 717 2194 de
744 2122 865 2210 quibus
890 2125 946 2196 illa
966 2133 1174 2214 reprehensio

247 2245 359 2314 valeat.
404 2241 467 2309 Sed
485 2243 566 2338 idem
586 2261 646 2326 ego
662 2241 743 2308 illud
763 2243 948 2326 contendo,
972 2246 1085 2327 quiex
1104 2247 1174 2316 ina·-

244 2355 342 2430 nibus
360 2379 433 2427 vera
450 2353 698 2443 utiliaque'uon
722 2357 880 2443 seligant,
904 2359 1033 2428 minime
1057 2363 1173 2443 capere

245 2455 352 2544 ieram
369 2479 434 2542 vim
454 2473 638 2560 elegantiae.
683 2475 769 2542 Nam
789 2493 821 2541 et
840 2475 905 2560 ipsi
927 2475 1075 2560 profecto
1092 2476 1167 2563 Syl-

243 2593 375 2676 logis'mi
396 2591 597 2678 posltl'sunt
618 2592 656 2660 in
673 2606 708 2660 re
731 2606 763 2660 ct
786 2607 920 2675 natura,
943 2591 1065 2678 quippe
1082 2594 1178 2679 quos'

126 2779 132 2796 ‚
244 2724 335 2776 mens
352 2707 422 2792 ipsa
440 2707 535 2774 tacite
551 2709 717 2792 sequiturt
728 2702 730 2710 ’
742 2722 775 2777 et
791 2711 943 2794 elegantia
955 2724 1024 2779 ‘suo
1037 2703 1172 2782 nomine

242 2824 436 2911 profitetur,
466 2843 503 2890 se
522 2824 681 2910 juditium
709 2827 934 2909 delectumque
958 2827 1055 2896 rebus
1079 2831 1174 2920 adli-j

242 2943 336 3024 bere,
366 2961 404 3008 ex
429 2941 536 3024 iisque
564 2941 755 3030 utilissimas
784 2959 930 3027 quasque
954 2945 1108 3030 seligere,
1136 2937 1172 3012 a·

240 3051 328 3124 certa
345 3047 467 3122 ratione
488 3057 528 3122 ad
547 3075 642 3123 usum
666 3039 865 3127 ¹convertere.¹
909 3057 1009 3146 Quod
1033 3059 1060 3124 si
1077 3058 1169 3124 deni·

121 3229 125 3236 .
244 3156 308 3271 gne
329 3171 505 3240 auctoritas
536 3172 660 3255 aliquid
690 3176 798 3260 valet,
830 3170 1007 3260 possumus
1031 3174 1168 3243 excitare

240 3282 428 3371 Platonem,
451 3288 682 3374 Aristotelem,
704 3291 915 3371 Ciceronem,
936 3279 1084 3374 aliosque
1100 3291 1168 3361 Ve-

240 3417 345 3474 terum
362 3401 443 3470 bene
462 3404 613 3486 multos,
632 3405 752 3486 qulbus
775 3424 869 3473 nemo
891 3401 985 3470 facile
1008 3396 1167 3476 summati

240 3513 530 3604 st'Plrilosophiae
550 3533 582 3586 et
607 3519 777 3606 elegantiae
803 3520 927 3588 laudem
945 3507 1166 3606 denegaverit.z

239 3635 399 3726 Hlecgo,
423 3637 661 3704 lelalectlcae
685 3639 852 3705 maximam
876 3637 942 3704 vim
962 3635 1164 3724 nituerunt,

166 3733 172 3740 ⁰
238 3753 304 3822 si
293 3773 329 3821 ιιι
361 3752 541 3823 deliniendo
569 3737 829 3838 diligentiam,
819 3773 854 3822 ιιι
885 3755 1059 3829 dividendo
1089 3751 1166 3828 ⁸qu

239 3861 403 3954 nemin
427 3869 685 3952 argumentando
702 3867 913 3940 subtilitatem
938 3870 1042 3941 secuti
1063 3868 1165 3953 ιιιιιιςΙ
