2572 4710
252 363 295 456 ,a
382 307 573 434 ”dunno
593 359 656 432 on
679 358 1039 453 counntcrtortn

254 551 445 640 popularem
468 549 587 619 effecit.
630 547 710 638 Quo
732 547 857 621 lactum
884 567 958 638 eat,
978 569 1017 624 ut
1041 561 1193 634 Athenae

229 721 232 732 .
256 665 363 734 omnis
390 661 624 746 humanitatis,
646 677 682 729 et
707 663 902 734 urbanitatis
928 685 1053 755 mater,
1084 678 1187 763 magt·

153 843 162 873 ,
258 795 326 849 stra
351 793 449 864 atque
467 780 558 846 sedes
574 793 611 861 ¹et
630 794 716 848 esset
739 796 772 847 ct
788 781 969 856 haberetur.
1015 789 1111 860 Tunc
1131 813 1188 862 ve·

261 917 300 965 ro
317 896 351 963 in
367 893 579 978 Philosophia
606 907 729 977 quanta
753 913 856 963 rerum
874 897 959 966 facta
975 918 1026 970 est
1041 925 1190 974 commu·

259 1011 360 1081 tatiol
405 1011 538 1078 Scilicet
562 1029 619 1094 ea,
642 1028 716 1078 cum
743 1012 917 1099 hucusque
944 1020 983 1085 ad
1008 1039 1188 1103 paucorum

258 1129 426 1198 hominum
442 1125 591 1195 notitiam
608 1127 725 1197 suisset
738 1129 911 1215 adstricta,
933 1145 965 1200 ct
977 1153 1079 1203 rerum
1097 1139 1188 1208 abdi·

260 1255 365 1310 tarum
385 1241 526 1310 tenebris
542 1241 713 1326 involuta,
735 1261 822 1312 nunc
841 1245 913 1329 ipsa
935 1267 1069 1331 quoque
1087 1251 1122 1318 in
1138 1255 1188 1319 lu·

258 1377 328 1428 cem
349 1375 535 1442 erumpere,
557 1359 728 1444 popularis
746 1341 814 1427 sieri
830 1375 862 1428 et
879 1363 921 1430 ed
948 1365 1117 1434 hominum
1136 1367 1188 1437 in·

258 1477 350 1564 genia
368 1477 605 1547 accommodari
623 1479 743 1562 coepit.
780 1477 868 1544 Hinc
887 1479 950 1545 ortl
968 1480 1109 1563 primum
1125 1479 1191 1548 So·

260 1593 411 1680 phistac,
434 1596 492 1678 qui
509 1596 549 1662 de
562 1593 718 1662 omnibus
735 1593 918 1678 propositis
936 1596 1188 1678 quaestionibus

261 1709 398 1796 copiose
420 1724 451 1776 et
467 1711 625 1794 eleganter
641 1709 849 1788 dissererent,
872 1707 1077 1788 eloquentiae
1100 1727 1195 1793 prae·

257 1840 353 1908 cepta
374 1829 554 1907 truderent,
586 1822 812 1912 ejusmodique
833 1833 872 1890 'se
893 1821 1066 1906 sapientire
1089 1823 1193 1910 magi·

219 1971 221 1976 ·
261 1960 352 2013 atros
379 1942 628 2026 profiterentur,
658 1958 754 2021 quarn
782 1941 810 2004 si
836 1939 910 2022 quis
930 1955 1072 2021 teneret,
1101 1942 1130 2008 is
1154 1943 1191 2010 in

259 2059 350 2128 omni
386 2059 472 2125 vitae
504 2075 618 2142 genere
656 2057 809 2122 excellere
839 2069 966 2138 posset.
1027 2055 1129 2142 Quod
1157 2055 1190 2121 si

263 2171 520 2260 praestitissent,
543 2169 619 2256 quis
643 2169 764 2256 estqui
780 2189 837 2238 eos
855 2171 895 2236 de
913 2169 1080 2236 hominum
1098 2189 1195 2257 gene·

259 2317 295 2363 re
324 2295 448 2380 egregie
477 2294 609 2359 meritos
632 2311 702 2360 esse
730 2291 847 2378 neget?
897 2289 1019 2357 Verum
1044 2290 1195 2374 plerique

260 2428 373 2482 eorum
395 2427 470 2476 oum
494 2425 564 2476 non
587 2407 764 2494 sapientiae
792 2407 980 2496 veritatem,
1001 2409 1057 2475 sed
1079 2407 1189 2476 fictum

262 2531 425 2618 speciem,
453 2531 635 2614 traderent,
658 2529 770 2609 venit,
791 2515 953 2611 tnhtquam
975 2547 994 2594 a
1019 2528 1112 2596 coelo
1136 2527 1194 2596 de·

260 2652 407 2732 missos,
428 2649 600 2733 Socrates,
625 2646 684 2731 qui
703 2645 930 2730 sophistarum
953 2641 1075 2713 festum
1099 2627 1187 2715 retti-

259 2745 420 2850 ditatque
435 2763 629 2850 exagitavit,
652 2763 820 2846 homines,
844 2761 902 2846 qui
920 2781 956 2830 se
972 2763 1012 2830 ad
1030 2765 1191 2833 suamdi·

259 2878 433 2962 sciplinam
461 2857 682 2962 applicarent,
705 2879 745 2945 ab
773 2877 940 2964 opinionis
968 2879 1123 2948 inanitate
1148 2881 1192 2952 ad

262 2995 415 3066 scientiae
447 2996 611 3064 veritatem
638 2995 826 3078 revocavit,
856 2997 1114 3081 admonuitque,
1150 3011 1192 3064 ut

264 3132 302 3181 se
330 3113 423 3198 ipsos
439 3131 540 3179 nosse
556 3111 737 3194 discerent,
760 3129 802 3179 ne
819 3114 906 3180 ultra
922 3113 1052 3180 humani
1068 3110 1195 3201 ingenii

261 3230 351 3297 vires
368 3247 478 3313 sapere
489 3243 701 3312 conarentur,
716 3242 771 3311 ct,
782 3227 858 3295 ailn
875 3227 983 3312 aliqua
991 3247 1025 3298 re
1034 3227 1194 3313 proficere

263 3349 407 3430 uellent,
429 3347 525 3432 periti
542 3365 613 3414 esse
635 3345 746 3432 potins
773 3361 868 3430 qnam
892 3343 992 3412 videri
1012 3343 1190 3417 studerent.

260 3463 313 3533 Er
339 3463 439 3550 hujus
461 3461 656 3545 disciplina,
683 3459 785 3528 veluti
808 3477 847 3526 ex
874 3456 1050 3541 sapientire
1072 3455 1189 3543 fonte,

262 3597 401 3665 mugnus
439 3575 559 3644 effluxit
593 3573 829 3657 discipulorum
861 3589 1039 3656 numerus,
1076 3576 1191 3644 Xeno·

263 3697 378 3782 phou,
410 3693 524 3773 Plato,
555 3691 754 3774 Aeschines,
782 3691 1015 3772 Antisthenes,
1043 3691 1188 3775 Aristip-

254 3831 351 3898 pus,
380 3809 554 3892 Phaedon,
582 3807 755 3893 SImmias,
781 3807 912 3894 Cebes,
941 3809 1082 3894 aliique,
1106 3805 1189 3890 qui,

1086 3941 1192 4008 quan·
