2508 4712
274 353 351 424 dds
440 347 574 418 vt‘ts
608 343 654 417 D.
693 346 1039 428 monumen.

284 551 381 620 opere
401 531 619 608 Bibliothecae
632 551 707 601 cum
733 529 873 602 Graecae
898 549 967 602 tum
991 534 1140 617 Latinae,
1161 537 1195 624 J.
1240 513 1241 546 ¹

283 655 330 724 Α.
347 648 537 730 Fabricius,
559 668 663 731 eoque
683 667 760 716 sane
778 667 863 715 unus
885 651 1030 716 omnium
1057 652 1117 719 hoe
1132 671 1201 719 sae·
1240 671 1241 698 ¹

285 767 362 836 culo
384 765 551 832 doctorum
578 761 746 830 hominum
773 763 813 829 de
833 764 944 830 harum
962 763 1144 833 Liternum
1158 767 1205 834 in-

286 877 456 952 crementis
486 876 670 960 studiisque
694 876 816 959 optime
836 877 1038 961 maximeque
1069 879 1205 954 meritus.

286 995 350 1064 His
365 995 430 1080 jam
450 990 587 1074 quintus
606 991 742 1058 accessit
758 989 971 1058 Ruhnkcnius
996 995 1122 1075 scripta
1136 993 1208 1060 Ora.

196 1126 200 1136 ‘
283 1099 394 1181 'torum
419 1103 617 1174 Graecorum
645 1104 770 1174 Critict
797 1103 952 1176 Historia.
1005 1104 1053 1174 Et
1076 1113 1209 1192 quando·
1241 1120 1242 1212 i

289 1227 418 1310 quidem
441 1225 474 1290 hi
499 1223 563 1292 iere
590 1223 694 1291 Attici
726 1223 851 1294 fuerant
878 1222 1061 1306 Oratores,
1093 1229 1212 1296 consti·

291 1342 403 1430 ruebat
422 1339 625 1408 Rhodiorum
642 1339 717 1406 item
743 1355 775 1405 et
801 1339 1020 1408 Asiaticorum
1046 1341 1212 1414 historiam

291 1459 397 1528 eadem
427 1453 550 1522 ratione
576 1454 755 1538 persequit
783 1453 914 1540 jamque
947 1471 1126 1538 apparatum
1164 1457 1214 1525 in·

287 1588 420 1642 ,struere
437 1567 695 1654 adprediebatms
720 1587 820 1653 porro
847 1567 1070 1636 Fabricianum
1090 1581 1217 1636 utrum·

297 1707 362 1773 pue
380 1703 466 1770 opus
493 1685 599 1752 denuo
624 1685 735 1766 edere,
765 1703 801 1752 ac
825 1686 1062 1768 supplementis
1084 1687 1214 1760 animad-

297 1807 568 1889 versionibusque
592 1807 789 1891 locupletare
813 1803 1013 1874 destinabat:
1036 1821 1070 1874 et
1087 1809 1217 1876 destina·

300 1939 370 1994 tum
389 1922 596 2008 perfecisset,
618 1921 649 1988 si
666 1923 716 1988 vel
733 1922 815 1986 alius
838 1939 906 1987 eum
936 1923 978 1986 ad
1005 1941 1091 2005 opus
1111 1940 1216 2006 urgen-

301 2043 380 2112 dum
405 2038 590 2117 incitasset,
612 2037 664 2102 vel
689 2036 758 2118 ipse
782 2053 843 2102 suo
864 2035 992 2120 judicio
1016 2055 1078 2102 non
1097 2039 1137 2102 ad
1161 2039 1219 2106 alia

304 2173 402 2240 opert
435 2152 557 2222 dudum
582 2147 695 2222 affecta
727 2147 917 2236 perficienda
946 2167 1115 2220 revocatus
1136 2151 1220 2218 iuis·

306 2285 357 2340 *Εἴ
379 2273 452 2354 (55
463 2269 493 2353 )·

297 2447 302 2454 .
351 2379 457 2453 vento
474 2399 562 2450 nunc
585 2385 625 2450 ad
647 2381 728 2451 illud
744 2396 890 2465 tempus,
915 2401 984 2466 quo
1001 2401 1112 2452 nostra
1130 2387 1224 2454 exsti·

309 2497 351 2566 tit
365 2497 578 2583 conjunctio,
604 2515 703 2580 quum
721 2515 781 2582 ego
801 2497 999 2566 Ruhnkeoio
1013 2499 1114 2564 adduc
1130 2501 1224 2586 igno-
1243 2463 1244 2540 d

299 2629 365 2688 ,tus
390 2632 440 2680 me
464 2611 535 2698 ipse
557 2611 728 2679 conciliavi
757 2613 945 2695 scriptaad
974 2632 1040 2682 eum
1070 2614 1223 2704 Epistola

313 2733 442 2806 critica
462 2731 498 2796 in
521 2727 719 2816 Julianum,
743 2727 954 2819 Eutropium,
986 2745 1015 2798 et
1043 2731 1229 2804 misaam

300 2864 406 2932 tum,
426 2845 642 2930 Gordiniae,
663 2865 748 2914 anno
762 2847 799 2912 h.
817 2863 846 2916 s.
862 2847 1061 2932 sexagesimo
1075 2865 1108 2916 et
1124 2869 1226 2918 nono:

283 3055 287 3060 Ι
316 2985 398 3052 quae
412 2963 530 3034 notitia
554 2964 673 3044 sensim
697 2965 736 3036 ad
764 2963 1051 3047 consuetudinem,
1074 2963 1228 3035 familiari·

316 3101 434 3170 tatem,
465 3099 497 3154 ct
520 3083 662 3154 intimam
688 3081 860 3156 amicitiam
882 3083 999 3152 crevit.
1053 3083 1127 3152 Fuit
1153 3085 1229 3150 enin

1123 3200 1230 3267 Ruhn·

356 3373 375 3455 (
382 3375 444 3455 55)
463 3377 558 3453 Quum
576 3373 729 3448 discipulos
751 3371 851 3432 Literis
872 3385 984 3430 strenue
1002 3389 1177 3448 operantes,
1194 3377 1232 3431 iiis

320 3501 448 3562 tempore
464 3487 556 3560 plures
573 3483 702 3553 haberet,
721 3497 791 3538 unus
811 3480 930 3560 joannes
952 3481 1164 3554 Euschedeus,
1191 3483 1233 3542 dis

322 3597 495 3674 putationem
509 3592 545 3652 de
564 3579 672 3650 Tutelis
689 3605 717 3649 et
737 3589 893 3663 lusigmbus
911 3589 1056 3660 Navium,
1076 3593 1142 3665 ejus
1157 3593 1234 3664 auspi·

298 3705 391 3774 -ciia,
410 3717 438 3762 et
460 3702 591 3776 scripsit,
612 3715 639 3758 et
663 3701 775 3774 publice
798 3697 944 3768 defendit,
970 3715 1045 3758 anno
1068 3715 1158 3778 ¹770·
1194 3697 1238 3758 Sed

302 3808 357 3890 ⁸de
377 3809 550 3876 Enschedeo
574 3809 638 3868 satis
662 3821 705 3866 est
731 3807 810 3885 qnod
832 3807 955 3872 diximus
975 3809 1161 3874 Bibliothec.
1177 3811 1240 3874 ctis

179 3989 193 4000 ,
320 3919 697 3996 Vdffikffipm
810 4011 815 4024 Ι
