2388 4714
125 325 364 406 lldrlllcffl
385 326 642 400 Mommll
673 333 752 404 vu.
769 334 795 402 1.
849 353 914 420 ²7³

10 509 100 577 citer
113 507 194 574 uobis
213 525 303 590 opem
326 501 538 586 successerit,
559 503 770 590 praeterimus
790 523 846 574 eos
870 504 910 574 dc

8 625 127 708 quibus
147 626 275 692 noudum
299 623 433 706 liqueat.
627 620 630 629 “

53 737 199 804 Posterior
213 737 394 804 adstrictior
409 751 475 804 etat
490 736 597 820 ratio,
619 735 675 806 sod
698 736 804 804 eodem
829 739 911 806 scri·

8 851 103 918 bereti
123 855 158 919 ad
172 853 397 938 proiciendum
415 853 591 936 efficacior,
621 853 743 938 quippe
768 852 909 921 necessi·

4 979 111 1034 tatem
133 968 281 1052 ‘reponens
304 970 452 1038 lotorum
478 970 644 1052 omnium,
676 969 709 1036 in
739 969 802 1037 hoc
838 991 907 1040 uuo

6 1098 105 1149 certe
125 1085 229 1170 libello,
258 1101 485 1174 corruptorum
511 1085 752 1170 difficiliumque
778 1105 908 1154 accura-

5 1200 90 1264 tius
108 1204 365 1287 condendorum,
397 1203 472 1270 item
497 1203 703 1288 Auctorum,
723 1222 762 1270 ex
787 1205 908 1288 quibus

7 1315 80 1382 lux
93 1323 200 1402 peteuda
215 1336 286 1404 est,
310 1323 538 1406 legendorum,
559 1321 671 1390 Sumsi
688 1339 764 1406 ergo
780 1341 819 1388 ex
834 1323 910 1390 Mo·

2 1433 246 1520 rudioribus,
279 1457 374 1521 quem
396 1437 741 1507 Animadversionibus
769 1439 847 1507 meis
872 1441 912 1508 il·

0 1568 4 1609 ι
23 1582 27 1605 =
54 1567 159 1619 tratum
173 1553 345 1640 separatim
360 1554 503 1639 ederem,
528 1555 619 1622 illum
632 1555 674 1632 dt
690 1557 773 1625 Stra
790 1557 914 1626 Numi·

7 1676 51 1738 sir
73 1671 229 1740 isandica.
275 1673 324 1738 Ut
345 1690 384 1740 er
398 1671 583 1740 Moralibut
601 1674 688 1740 huuc
711 1693 784 1758 pree
811 1690 916 1742 caete·

9 1789 48 1854 ris
63 1793 219 1876 eligerem,
243 1789 370 1856 valebat
383 1788 562 1874 argumenti
576 1807 650 1856 cum
667 1791 825 1872 gravitas,
840 1803 912 1859 tum

8 1906 99 1988 tatio,
127 1922 261 1989 utroque
287 1905 327 1972 ad
350 1923 553 1984 communem
589 1906 757 1972 hominum
785 1920 915 1989 coptum

8 2023 194 2106 studiumque
210 2027 465 2092 accommodata.
510 2022 560 2094 Ut
577 2025 711 2094 omnino
729 2045 767 2092 ex
793 2025 914 2096 Mora·

9 2137 81 2205 lodus
97 2141 206 2207 librum
233 2143 402 2226 eligerem,
426 2159 558 2212 caussae
581 2141 661 2210 mihi
683 2141 817 2214 fuerunt
838 2145 913 2216 ido·

7 2273 102 2338 sese,
119 2258 290 2342 dequibus
308 2275 395 2338 punc
412 2259 580 2354 dicendum
598 2273 659 2328 est.

50 2371 168 2457 Triplex
179 2388 230 2440 est
248 2371 550 2456 illaiuteiligeutiao
566 2370 758 2458 difficultas,
781 2379 913 2460 quaein

10 2491 125 2574 legendo
155 2489 333 2556 Plutarcho
368 2507 402 2554 se
430 2488 472 2556 iis
500 2489 615 2577 objicit
642 2494 700 2574 qui
723 2496 792 2580 ejus
815 2515 917 2567 usum

16 2610 135 2676 modom
152 2607 298 2692 habeut,¹
320 2603 434 2690 ¹Prima
452 2619 501 2671 cst
519 2624 581 2688 ea,
603 2606 642 2672 de
659 2625 723 2689 qua
747 2607 915 2690 diximus,

14 2726 121 2806 propria
136 2725 293 2810 quaedam
318 2721 525 2797 Plutarcheae
548 2722 704 2802 orationis
725 2721 852 2806 forma,
879 2724 915 2789 in

17 2841 123 2926 robis,
143 2840 356 2924 nominibus,
376 2833 641 2930 'constructiones
666 2843 783 2921 altera,
807 2857 919 2908 recon-

20 2955 68 3022 tiu
84 2959 244 3026 doctrinae
270 2957 383 3044 tertio,
406 2955 494 3040 lobes
519 2952 748 3038 etcorrupteia
775 2952 919 3033 scriptu·

16 3089 63 3136 ret
106 3075 262 3158 Cumque
286 3071 353 3140 duo
377 3071 442 3138 sint
471 3087 586 3156 genera
615 3067 769 3134 librorum
793 3067 920 3134 Plutar·
984 3127 988 3134 .

21 3187 174 3274 thoortm,
201 3189 342 3262 sitorum
366 3189 537 3268 historice,
559 3205 617 3252 seu
640 3186 819 3268 Wtarum,
842 3183 923 3249 alte·

22 3319 83 3368 rum
98 3307 250 3376 doctum
273 3305 363 3391 quod
386 3305 485 3388 vulgo
502 3301 689 3392 Moralium
713 3299 844 3368 nomine
865 3317 923 3384 ap·

23 3417 154 3502 pellam
176 3424 212 3492 in
228 3439 371 3506 utroque
395 3419 523 3502 quidem
548 3418 730 3500 frequentas
757 3431 834 3482 sunt
857 3429 922 3484 tres

20 3528 86 3604 illae
104 3534 286 3608 diutulotis
302 3557 457 3622 caussae,
480 3536 582 3608 multo
600 3553 705 3604 tamen
723 3532 925 3618 frequentio-

19 3671 59 3720 res
83 3655 117 3724 in
144 3657 280 3726 Morali.
323 3657 435 3740 ltaque
458 3658 498 3725 ad
523 3657 587 3723 hoc
608 3672 658 3720 me
683 3670 786 3738 genus
804 3653 927 3740 majore

23 3777 113 3846 undio
134 3779 302 3864 applicui:
325 3796 389 3846 non
413 3793 451 3843 ut
477 3776 612 3842 alterum
634 3773 846 3858 negligereme
868 3775 931 3848 sod

24 3905 49 3960 u
69 3896 198 3984 utrique
218 3900 340 3986 justam
364 3914 400 3963 ac
427 3895 567 3964 debitam
592 3891 771 3962 adhiberem
792 3909 930 3974 curem,

480 4011 504 4079 S
878 4007 930 4074 iu·
