2508 4712
294 247 363 384 ιιι
463 267 599 358 vrrs
635 282 683 354 n.
722 269 1062 356 reu-suranna
1119 327 1125 342 .

303 473 425 564 insigni
442 493 518 560 prae
532 469 605 540 aliia
621 472 698 539 loco
723 465 874 552 baberet,
896 487 956 538 nac
975 483 1128 553 umqum
1141 476 1219 542 cm

299 594 477 662 salntrtore
492 586 661 671 officioso,
682 585 738 652 sed
755 585 794 652 de
812 583 957 666 Litteris,
978 599 1019 650 ut
1037 587 1138 651 enitor
1165 605 1222 652 ea·

301 723 458 777 wantum
475 701 642 784 antistite,
655 699 803 768 crudime
815 717 852 766 ac
864 715 1043 766 reverenter
1066 701 1220 784 colloque·

303 836 403 892 netur.
435 819 507 886 Hoc
526 815 682 900 quosdam
701 815 885 900 puupebtr,
908 828 940 881 et
957 815 1167 902 Ruhnkenii,
1186 835 1218 885 ur

303 955 419 1028 parum
435 921 643 1016 constantie,
659 933 942 1016 reprehensoribus
959 934 1164 1020 appregabet.
1185 939 1221 1002 ΙΙ-

301 1054 334 1138 ie
355 1067 432 1118 vero
458 1047 579 1135 judicii·
596 1049 858 1130 constantiaeque
873 1048 1016 1134 optimas
1038 1053 1220 1134 sequebatur

300 1169 401 1240 duces
417 1180 561 1236 usturam
583 1184 620 1232 ae
638 1149 853 1250 prudentiane.
898 1164 1043 1234 Recenoe
1056 1168 1162 1236 adbuc
1175 1189 1220 1238 er·

299 1305 345 1359 ru
366 1305 404 1355 ac
429 1287 567 1366 dolore,
591 1282 668 1352 brec
694 1282 773 1350 mihi
807 1281 941 1366 scripsit
972 1283 1010 1351 d.
1035 1288 1072 1351 8.
1096 1283 1218 1370 Januar.

301 1405 399 1489 1788.
443 1449 465 1486 „
485 1401 616 1470 Utinam
634 1402 686 1468 vei
699 1401 808 1468 horem
823 1416 886 1466 una
901 1416 1071 1480 essemus,
1086 1413 1141 1482 ut,
1160 1401 1220 1482 qui

302 1531 382 1586 setus
413 1515 446 1584 in
470 1515 529 1582 buc
555 1513 716 1582 servituto
738 1529 852 1580 sensus
876 1511 949 1594 sit,
982 1531 1221 1598 cognosrerem.

300 1631 360 1706 Me
378 1633 505 1716 quidem
526 1632 605 1698 rdeo
620 1629 760 1714 poenitet
778 1627 989 1711 Holiandite,
1014 1643 1055 1694 ut
1072 1630 1220 1698 siSueam

299 1766 453 1829 vocarer,
475 1746 564 1815 sicut
595 1747 670 1814 olim
699 1745 855 1812 insimili
883 1763 988 1824 rerum
1015 1748 1220 1814 conversione

297 1859 358 1948 Jo,
376 1860 564 1944 incurritur,
587 1858 804 1960 conditionem
819 1857 1011 1942 acciperem.
1046 1860 1118 1926 Nec
1134 1863 1220 1945 quid·

302 1996 400 2062 quum
422 1975 485 2044 boc
501 1976 588 2062 reip,
609 1990 694 2044 statu
716 1993 765 2042 me
781 1973 947 2043 delectavit
965 1990 1092 2060 praeter
1105 1978 1223 2044 biblio·
1244 2025 1245 2038 ι

303 2093 428 2162 mecam
441 2107 529 2160 tuam
546 2089 701 2160 Criticant
713 2125 747 2142 ψ
763 2091 798 2158 in
808 2089 922 2174 primis
939 2091 1223 2160 animadversiones

299 2211 337 2283 in
347 2211 511 2298 Julianum
522 2207 680 2294 ,subus
691 2208 730 2276 ad
746 2225 812 2276 earn
830 2208 1009 2291 rationem,
1024 2227 1118 2290 quam
1129 2209 1222 2274 tuir-

306 2321 366 2386 teri
383 2323 470 2391 soles
488 2323 568 2390 meis
588 2321 623 2388 in
642 2319 808 2388 Timaeum
825 2321 912 2388 notis
933 2323 995 2390 tibi
1007 2342 1080 2389 esse
1096 2324 1223 2392 demon·

298 2423 471 2514 struem?
513 2434 674 2522 Egregius
692 2454 767 2504 sane
784 2427 866 2502 mihi
881 2439 921 2502 sd
940 2439 1139 2520 voluptrrean
1156 2439 1222 2506 fru-

299 2549 517 2636 reuerendi,
538 2554 556 2620 i
581 2570 650 2634 quo
675 2565 799 2618 tensum
818 2553 928 2620 solatii
946 2549 1079 2620 fructum
1099 2553 1223 2624 Ruhn·

281 2670 416 2742 ¹bertius
444 2685 537 2736 meus
559 2668 756 2752 perciperet!
789 2667 978 2756 Respondi,
1006 2689 1165 2739 menunc
1191 2674 1223 2741 in

297 2785 419 2874 primis
446 2783 672 2852 Demosthenis
691 2777 895 2868 Philippicas
907 2801 939 2850 et
956 2775 1129 2854 Ciceronis
1147 2784 1243 2872 Epi·

303 2903 408 2972 stolus
421 2903 462 2968 ad
479 2901 626 2968 Atticum
642 2901 756 2986 legere.
800 2899 979 2988 interjectis
994 2905 1126 2986 aliquot
1143 2923 1224 2972 men·
1242 2887 1243 2970 i

292 3017 431 3116 sibus,
461 3035 561 3100 quum
596 3033 667 3084 eum
693 3016 887 3098 inviserem,
916 3061 938 3099 ,‚
959 3018 1150 3102 Equidsm”
1181 3023 1221 3088 in·

299 3135 431 3222 quit,
452 3147 485 3200 et
511 3133 590 3218 ipse
606 3151 693 3202 nunc
722 3135 783 3219 iegi
811 3134 982 3202 Ciceronis
1012 3156 1067 3206 eas
1089 3155 1221 3224 partes,

296 3273 381 3342 quae
403 3255 444 3323 ad
467 3255 588 3322 bellum
614 3245 712 3324 civile
734 3253 936 3324 referuntur:
958 3261 1067 3327 movit
1082 3278 1133 3328 me
1147 3276 1221 3328 rem·

288 3389 416 3465 'portum
442 3370 649 3440 similitudor·
675 3383 706 3437 et
734 3388 808 3438 sane
831 3357 941 3448 ii'sdem
970 3374 1058 3442 iocis
1084 3377 1218 3462 legendis

300 3485 379 3556 stirs
394 3485 486 3554 aliter
505 3485 671 3558 afficimur.
713 3486 822 3574 Quum
843 3487 876 3554 in
903 3487 1058 3560 rebusad
1075 3495 1220 3577 volupta-

283 3610 362 3692 ttem
379 3614 442 3698 aut·
460 3601 602 3670 dolorem
628 3599 809 3686 insignibus
825 3619 1013 3687 versamur,
1032 3619 1065 3672 et
1081 3607 1167 3672 inter
1183 3609 1220 3670 ie-
1240 3631 1241 3700 ι

298 3719 436 3804 gendum
452 3718 486 3787 in
503 3717 637 3786 similem
656 3718 776 3795 nostris
789 3718 884 3786 rebus
901 3721 1010 3788 iocum
1026 3721 1217 3800 incidimus,

297 3827 333 3898 ir
356 3828 479 3902 dudum
507 3830 655 3918 quamvis
679 3847 753 3900 cum
785 3832 906 3920 ingenii
931 3834 1153 3906 oblectatione
1179 3837 1216 3898 ie·

1116 3964 1215 4032 ctus,
