2438 4718
282 225 351 316 too
469 218 730 294 anennoeto
752 235 800 292 ox
822 203 1032 298 nnrbrnrnu

276 425 327 482 tes
351 423 466 494 patent
493 409 668 482 omnibuoe
698 411 775 482 binc
801 411 849 482 iiii
882 431 979 500 pauca
998 411 1153 484 &danus

274 546 337 613 ego
357 545 440 612 quae
466 527 592 595 adrem
620 527 761 596 facerent
787 545 911 615 meam,
944 529 1087 598 exhaurire
1103 547 1153 597 otu·

275 645 355 727 dni3
379 660 416 710 ut
432 642 478 712 nii
495 641 590 712 facile
613 663 666 712 tno
681 643 836 731 effugeret
860 663 966 716 eornm
989 665 1061 730 qnae
1080 647 1110 712 ab
1125 647 1152 713 ii·

273 759 316 828 lis
344 761 467 844 prolata
489 775 612 828 essent.
656 760 726 830 Nec
745 763 780 830 in
797 783 836 830 eo
856 765 1022 848 quidquam
1037 763 1101 830 nihi
1115 779 1153 827 eu·

272 875 370 962 pcrbe
391 895 520 961 anogo-
571 875 632 944 Nii
654 877 730 952 dico
756 879 838 962 quin
862 880 943 948 idem
966 879 1058 946 dicere
1075 875 1154 961 possit

276 995 359 1070 alins
377 994 503 1075 editor,
522 993 581 1076 qui
604 994 733 1078 quidem
752 1009 897 1080 ternpore
913 1009 944 1064 et
959 994 1071 1092 labore,
1085 1007 1155 1074 quen-

278 1123 311 1178 ta
335 1109 444 1193 potuit
469 1109 657 1196 diligentia,
686 1109 799 1194 copias
822 1109 983 1198 collegerit
1000 1125 1063 1176 suas
1081 1118 1105 1176 ot
1122 1105 1156 1170 in·

269 1223 439 1296 annuerit.
485 1224 556 1310 Jarn
584 1225 693 1294 fontes
718 1226 868 1310 quinon
898 1224 1032 1303 ornniiur
1049 1229 1153 1304 patent,

272 1339 405 1411 codices
428 1337 504 1404 dico
530 1338 694 1422 scriptos,
722 1354 777 1406 auc
802 1323 898 1408 nemo
925 1335 1021 1406 babuit
1037 1329 1153 1414 priorum

271 1455 505 1540 interpretum,
528 1469 583 1522 tut
601 1473 684 1522 unus
703 1469 735 1522 et
755 1456 856 1538 aiter,
880 1473 979 1524 unum
997 1447 1151 1516 orituros

271 1591 332 1662 rgo
357 1590 407 1644 tot
435 1575 555 1657 habui,
586 1591 668 1656 quot
707 1573 764 1652 uix
795 1593 951 1658 nmquam
978 1569 1046 1638 alius
1064 1554 1151 1630 ursei

272 1697 431 1768 Auctoris
454 1695 570 1762 editor.
616 1695 708 1780 Ergo
730 1695 860 1764 illorum
881 1687 1090 1764 nonoooooos
1102 1693 1151 1744 nt·

271 1816 329 1900 gis.
355 1813 495 1882 labormn
530 1811 610 1878 mihi
640 1833 735 1896 quarn
769 1811 883 1895 copias
918 1815 1069 1878 tuterunt.
1109 1794 1155 1862 Hi·

268 1933 328 2002 bui
353 1951 460 2001 earum
486 1931 641 1998 rationem
668 1931 743 2014 quia
766 1946 877 2015 erant,
900 1949 968 2000 non
993 1926 1058 2014 quia
1076 1933 1154 1988 necet·

268 2053 371 2120 aedae
394 2065 495 2117 erant.
548 2047 659 2114 Habui
681 2049 841 2116 delectum
872 2065 979 2116 carun
1005 2057 1076 2127 quac
1094 2047 1155 2100 con·

267 2181 445 2237 memoratu
464 2165 579 2249 dignae
597 2165 802 2246 viderentur,
820 2179 853 2232 et
874 2164 936 2233 sub
953 2153 1107 2230 inrmtoris
1120 2143 1154 2213 sui

268 2281 400 2352 nomine
422 2297 584 2363 quamque
601 2279 749 2363 prodidit
786 2298 893 2364 neque
918 2279 995 2350 satis
1019 2289 1076 2342 erat
1094 2279 1155 2336 sun·

268 2415 353 2466 nram
378 2415 484 2462 earum
512 2395 722 2478 fructumque
751 2414 826 2462 curn
861 2395 1034 2468 lectoribus
1063 2378 1152 2454 nostris

267 2511 524 2594 communicaret
549 2512 626 2592 sed,
651 2511 731 2593 quid
753 2511 875 2594 cuique
896 2506 1049 2580 inventori
1062 2500 1155 2568 dobere·

262 2639 340 2712 tur,
357 2629 465 2712 .quasi
496 2647 555 2716 per
586 2627 753 2696 historiam
791 2643 998 2697 annumerare
1025 2609 1150 2703 oportuit·

267 2749 356 2818 Haec
387 2747 522 2832 religio,
553 2745 702 2831 quamvis
735 2749 873 2816 molesta
905 2739 1087 2818 editoribus,
1108 2743 1155 2796 nit

265 2880 352 2933 recte
373 2881 499 2947 semper
521 2865 684 2932 aestimata
709 2885 727 2932 a
754 2865 962 2949 legentibus,
984 2859 1062 2932 nulio
1080 2844 1156 2916 nodi

266 2979 453 3064 negligenda
472 2995 533 3046 est.
575 2980 660 3046 Nam
687 2995 720 3046 et
743 2981 957 3049 hamanitatis
980 2991 1039 3058 est,
1057 2982 1155 3050 regnu

264 3115 356 3165 scere
371 3113 526 3180 quantum
544 3096 685 3180 quisque
704 3115 818 3182 operae
841 3098 981 3182 pretium
1004 3087 1154 3161 iocericru

263 3211 430 3303 iuddciae,
459 3229 555 3280 suurn
579 3213 701 3294 cuique
725 3211 877 3282 tribuere.
925 3211 1095 3292 Numquam
1117 3214 1154 3263 dr

262 3315 347 3397 uum
357 3329 492 3416 probari
508 3329 685 3411 rationem,
709 3329 767 3412 qui
784 3330 817 3397 in
834 3325 1087 3398 annotationibus
1100 3327 1155 3380 con·

263 3445 447 3512 scribendis
478 3445 522 3512 ita
549 3445 693 3530 priorum
729 3445 872 3516 inventis
907 3457 1059 3520 utuntur,
1088 3443 1155 3500 uti¹

258 3560 363 3644 cunni
393 3561 429 3630 in
463 3579 563 3630 unum
595 3581 743 3632 monum
772 3565 879 3632 omnia
902 3559 1107 3635 confundant,
1128 3561 1155 3614 Β

259 3692 367 3756 eoque
395 3692 432 3743 ut
452 3697 547 3746 suum
566 3682 718 3764 qnodque
743 3699 779 3748 ac
798 3681 968 3764 proprium
987 3675 1048 3762 ipsi
1065 3671 1152 3750 dopro·

254 3804 374 3876 want,
396 3794 483 3861 nullu
500 3797 693 3867 nominatim
713 3794 798 3866 facta
814 3796 994 3884 inventoria
1009 3783 1153 3866 mosbour·

257 3923 266 3936 ’
1092 3896 1154 3966 Sunt
