2348 4716
80 297 257 378 termut
279 265 591 370 rnocn‘uarrt.
616 295 677 366 er
698 291 796 368 uate.
848 315 908 383 14,

4 495 97 582 plne,
118 509 196 578 quae
223 488 308 558 sola
334 505 446 568 verant
470 483 594 552 dicendi
617 484 691 550 vim·
709 499 851 567 procreat
877 497 910 552 et

17 616 66 680 alit.
96 609 171 677 Nam
187 605 338 674 fuerunt
356 623 466 670 eorum
488 603 646 670 aetatibus
666 602 780 688 multi,
805 617 835 668 et
859 603 910 668 in·

21 725 189 794 runcrrhilas
215 723 378 807 quidem,
410 721 465 787 alii
488 738 652 804 oratores,
687 722 769 802 qui,
799 739 911 803 quam·

24 863 101 924 quun
110 843 200 907 solio
220 855 256 906 et
277 855 347 904 arte
364 829 524 918 valerent,
547 852 650 904 tanen
674 836 708 902 in
728 837 818 910 illius
838 837 909 902 lau·

32 959 74 1022 thr
91 959 239 1024 sunonem
272 955 380 1022 venire
403 971 471 1019 nou
493 937 640 1037 possent.
692 953 813 1036 Magna
844 952 910 1016 fuit

40 1093 96 1154 ars,
113 1093 237 1160 mgnum
263 1073 454 1166 ingenium,
482 1071 516 1137 iu
544 1070 704 1140 Aeschine
733 1091 770 1138 ac
786 1069 912 1154 'Sulpi-

47 1191 94 1260 n‘o:
113 1191 228 1256 hahebat
244 1197 263 1256 a
282 1202 395 1254 natura
412 1202 548 1270 uterquc
565 1206 674 1254 vocem
700 1167 847 1256 sonoram
876 1199 909 1254 et

44 1307 205 1390 nihilum,
227 1307 392 1373 actionem
410 1324 542 1388 quoque
565 1305 759 1389 oratoriam,
781 1321 909 1390 gestum

39 1443 164 1493 enorum
187 1427 293 1495 totius
310 1427 480 1508 corporis,
504 1428 608 1509 qualis
629 1427 665 1494 in
689 1429 815 1496 nemine
840 1449 910 1496 um·

35 1565 97 1628 nnn
118 1545 211 1612 lucrat
235 1561 413 1613 oratorum.
460 1545 523 1612 Sed
545 1547 601 1613 illa
619 1545 850 1634 Philosophiae
865 1549 907 1618 iia

34 1661 108 1725 hert
120 1662 183 1742 vis,
204 1679 285 1742 quae
306 1677 412 1726 rerum
431 1659 612 1726 divinarum
631 1661 909 1750 humanarumque

33 1775 177 1858 cognitione
195 1777 329 1844 animum
356 1776 522 1842 advenam
544 1777 747 1845 altitudinem
768 1784 907 1858 extollit,
1016 1835 1019 1846 .

64 1889 124 1957 cn
138 1893 326 1976 Eloquentia
341 1907 510 1974 magnam,
526 1891 577 1958 vel
587 1893 701 1976 potius
718 1889 907 1985 maximam,

30 2013 243 2096 touirrnctionem
269 2011 367 2079 habet
399 2009 565 2079 Historia:
594 2011 697 2124 cujusx
719 2003 907 2090 scribendae

27 2147 87 2193 cun
100 2131 159 2197 aliar
173 2148 250 2198 sunt
266 2132 373 2214 leges,
397 2142 466 2195 tum
493 2147 556 2196 una
575 2129 720 2198 omniunt
744 2135 903 2220 maxima,

26 2249 138 2317 renutu
150 2254 202 2320 lex.
249 2253 394 2318 Multum
414 2250 497 2318 eninr
515 2248 649 2318 intereat
668 2252 897 2341 humanitatis,

21 2381 104 2448 teges,
129 2383 153 2434 et
174 2368 232 2454 qui
257 2385 361 2434 rerum
386 2363 587 2452 publicarum
612 2366 827 2451 gubernacula
855 2385 901 2436 te·

20 2501 88 2565 nrt,
112 2485 209 2566 scire,
238 2487 297 2550 sua
329 2483 414 2550 factu
445 2502 512 2550 non
544 2481 578 2549 in
606 2465 747 2553 obscuro
778 2485 896 2568 latere,

21 2599 55 2662 m
72 2620 134 2667 tere
155 2590 192 2668 id
215 2599 416 2686 posteritatis
442 2597 623 2669 memoriam
655 2601 820 2683 proditum
842 2580 904 2672 iri(

17 2709 90 2792 Quare
110 2715 183 2800 qui,
214 2715 306 2782 verbi
331 2733 468 2796 caussa,
497 2713 625 2801 tyranni
652 2732 702 2781 rea
729 2714 898 2790 memoriae

18 2833 122 2900 tendere
141 2835 330 2926 adgressus,
353 2827 383 2895 si
407 2829 486 2911 quid
510 2829 550 2896 ab
575 2846 613 2898 eo
632 2827 719 2896 haud
743 2829 824 2893 male
848 2825 899 2893 fa·

16 2963 73 3012 run
88 2950 143 3034 sit,
162 2949 245 3020 illud
262 2961 375 3016 ornett
400 2949 516 3014 scelera
535 2938 610 3013 vero
628 2948 698 3033 ejus
721 2959 753 3010 et
772 2944 895 3030 flagitia

17 3065 46 3126 tl
59 3065 168 3132 silentio
185 3077 380 3150 praetereat,
401 3062 452 3127 vel
468 3060 579 3148 aliquo
602 3061 783 3126 honestatis
801 3057 894 3126 colo-
942 3149 946 3156 .

20 3193 177 3264 nerunt,
199 3182 270 3247 isne
295 3178 410 3261 potius
428 3197 521 3246 verus
539 3177 705 3246 Historiae
729 3177 896 3259 scriptor,

18 3307 86 3368 luen
109 3299 248 3364 sordidus
283 3293 411 3361 fabulae
440 3311 577 3378 ructor,
613 3291 794 3362 habeatur?
843 3291 895 3361 Ex

20 3401 72 3468 isto
93 3425 178 3490 gnane
209 3412 275 3480 fnit
309 3411 487 3483 Philistusa
519 3413 599 3498 qui,
630 3429 731 3493 quum
761 3431 897 3496 corpore

20 3521 90 3601 latr,
106 3539 132 3588 ut
148 3527 259 3614 reliqui
283 3527 496 3612 Syracusani,
528 3545 643 3595 servus
668 3532 750 3595 esset
772 3527 897 3612 Diony·

21 3633 72 3714 sii,
96 3639 203 3710 auinrn
234 3660 371 3727 quoque
395 3660 489 3710 suum
516 3641 676 3710 eidemin
709 3641 898 3710 seruitutem

22 3749 121 3824 tilirit.
155 3757 228 3830 Nam
248 3775 282 3827 ct
304 3761 338 3826 in
354 3761 462 3826 multis
484 3739 581 3827 rebus
606 3775 741 3844 tyranno
764 3755 898 3847 operant'

436 3881 464 3948 K
482 3898 511 3991 [³
807 3896 902 3965 praep
