2508 4712
237 179 392 342 ⁸tllrrt
425 256 471 340 ll.
507 245 843 366 unumunurn
942 299 1010 389 on

68 435 176 518 ¹litam
196 451 309 534 posteri
324 449 359 520 in
380 455 470 524 illius
493 459 662 548 opusculo
685 469 864 546 Oratoriis.
906 481 1009 561 Cuma

75 585 150 649 que
167 565 286 632 multae
301 570 368 634 sint
385 569 596 643 Ernestihoc
612 578 644 644 in
660 599 773 664 genere
789 591 1004 690 scriptiones,

80 699 145 765 pet
167 701 246 764 quas
264 671 440 752 multorum
455 689 584 772 ciuium,
596 713 729 766 suorum
746 681 938 780 memorism'
947 737 1007 800 po.

77 797 223 868 ateritati
254 804 511 888 commendavit,
542 800 659 893 eaeque
687 835 799 886 omnes
833 825 1002 920 doctrina,

76 913 223 996 ratione,
248 917 412 1004 oratione,
432 923 593 1008 egregisec
620 929 696 998 haee
714 949 776 1005 una
792 939 874 1008 inter
890 964 1002 1026 omnes

75 1029 210 1096 excellit
232 1049 272 1098 eo
294 1033 444 1117 nomine,
467 1041 557 1120 quod
579 1041 612 1108 in
636 1043 687 1122 his
705 1047 825 1140 Litetls
847 1075 913 1127 non
933 1081 1003 1132 mo·

76 1143 124 1211 do
143 1145 341 1233 iprineipm
356 1151 413 1218 sed
427 1153 467 1222 de
481 1155 626 1243 principe
642 1161 683 1228 ad
697 1164 900 1256 principem,
921 1181 1003 1248 scri·

76 1273 138 1341 pta
153 1272 213 1330 est.

120 1379 175 1445 Ad
199 1378 262 1446 hoc
287 1397 394 1464 usque
418 1395 568 1472 tenpus,
591 1411 660 1474 quo
680 1397 785 1478 ptimo
799 1397 999 1488 Lugdunum

74 1492 177 1577 neni,
194 1493 390 1566 Ruhnkenio
413 1519 527 1584 sospes
544 1501 608 1570 fuit
623 1525 655 1573 et
670 1507 846 1583 Incolumis
865 1520 994 1594 domus.

73 1597 176 1676 Uxor
207 1611 309 1679 adhuc
346 1612 481 1683 florebat
519 1619 639 1689 formae
675 1623 883 1712 integritates
917 1639 998 1706 duae

73 1745 170 1800 erant
184 1731 410 1803 festivissimae
426 1737 544 1806 filiolae
562 1744 601 1810 ad
625 1749 812 1828 praeclaram
831 1759 998 1830 maturita-

71 1845 121 1914 tis
148 1867 238 1932 spem
259 1869 508 1924 succrescentes.
552 1858 766 1934 Ruhnkenlus
793 1873 892 1957 uulgo
914 1873 995 1946 felin

67 1963 360 2050 habebaturpater.
383 1969 487 2040 Eece!
502 1975 683 2046 uniusanni
696 1988 861 2076 proximi(
871 1999 995 2084 1771.)

66 2077 181 2146 taralis
199 2084 351 2162 quaedam
369 2089 533 2156 calamitas
550 2093 634 2160 illam
654 2095 838 2171 felicitatem
866 2108 899 2176 in
924 2129 996 2193 per·

63 2211 203 2279 pecuum
216 2196 339 2268 afflixit.
382 2199 476 2272 Uxor
489 2221 627 2276 tentatur
640 2232 722 2297 aqua
736 2218 910 2294 intercute:
931 2229 994 2295 mi·

64 2307 319 2379 morilliacum
347 2315 432 2384 vitae
457 2321 612 2404 periculo
628 2344 793 2412 aegrotatt
819 2335 877 2402 hac
902 2339 994 2408 resti·

65 2436 167 2504 tuta,
199 2441 286 2506 pater
308 2428 397 2514 gravi
427 2433 541 2502 morbo
566 2412 760 2522 corripiturs
784 2447 802 2512 e
829 2466 897 2528 quo
922 2451 993 2524 vix.

60 2541 143 2607 dum
160 2543 387 2626 convaluerat,
404 2565 501 2630 quum
521 2569 601 2618 uxor
614 2559 780 2641 apoplexin
796 2580 989 2651 quassatur,

61 2675 150 2742 quae
176 2658 327 2740 loquendi
352 2680 420 2728 eam
445 2666 619 2750 facultate,
643 2674 780 2756 denique
807 2679 901 2761 visu,
923 2683 993 2765 pri·

58 2787 140 2842 vat:
165 2787 242 2841 mox
265 2774 370 2852 minor
392 2777 491 2845 liliola
517 2795 548 2846 et
574 2783 643 2862 ipsa
667 2789 836 2856 oculorum
857 2811 989 2864 sensum

59 2890 198 2974 penitus
215 2893 345 2961 amittit.
391 2898 429 2962 ln
454 2909 540 2961 tanta
557 2897 631 2964 mali
648 2901 835 2984 atrocitate,
857 2906 990 2974 carissi·

60 3023 261 3090 motumque
275 3010 418 3093 capitum
436 3012 546 3095 clade,
557 3015 630 3095 quis
646 3033 712 3084 non
728 3034 818 3101 pater
832 3036 888 3088 aut
902 3041 990 3092 men·

59 3135 93 3188 te
109 3123 334 3207 concidisset,
356 3141 412 3194 aut
428 3144 569 3196 moerore
585 3132 804 3215 extrusisset,
827 3155 884 3210 aut
901 3154 988 3210 certe

58 3235 172 3304 dolori
189 3239 443 3308 succubuisset?
465 3240 692 3320 Ruhnkenium
717 3250 871 3317 naturalis
891 3271 987 3336 quae·

58 3350 138 3416 dam
168 3354 316 3434 corporis
342 3372 578 3440 nervorumque
606 3359 760 3445 firmitas,
793 3379 823 3430 et
849 3366 920 3451 illa,
944 3369 983 3438 de

57 3479 128 3545 qua
145 3468 514 3550 saepedixintus,animi
531 3473 669 3542 facilitas
688 3475 898 3562 aequitasque
912 3500 985 3550 sus-

58 3582 216 3650 tentauit.
260 3561 425 3671 Principio
448 3592 488 3658 ad
511 3595 709 3676 repentinum
725 3596 818 3678 quasi
835 3598 982 3671 fulminis

61 3695 169 3762 ictum
198 3701 381 3784 attonitus,
404 3717 538 3787 stupore
561 3709 723 3794 deligitur.
769 3712 864 3780 Unde
880 3735 983 3800 quum

57 3812 99 3880 nd
127 3828 164 3879 se
186 3812 297 3899 ipsum
317 3829 349 3882 et
373 3833 526 3890 consueta
553 3822 635 3891 uitae
659 3823 787 3910 negotia
810 3829 980 3936 rediisset,
1039 3833 1044 3845 ’

901 3963 988 4031 qus·
