2438 4718
179 319 230 405 iu
258 315 529 402 onustatur
558 321 783 404 Mortuum
877 339 942 428 itt

17 543 67 608 ra,
87 519 144 591 ubi
165 520 299 587 excitati
321 536 385 586 mos
408 523 439 582 et
455 516 623 585 alacriores
640 519 681 584 ad
702 520 841 588 laiio'rem
863 521 930 592 fieri

18 637 190 716 sentimus,
210 647 312 714 eaque
326 643 468 714 tempora
485 632 596 699 subito
612 649 648 700 se
664 633 833 703 offerentia
845 639 933 706 suuis

20 773 51 826 to
74 758 213 840 arripere
235 766 271 818 ac
297 752 412 834 sequi;
445 751 621 835 sepositis,
648 753 756 836 quoad
778 758 850 842 ejus
868 755 937 824 fieri

20 886 152 958 potest,
166 867 335 937 ordinariis
343 865 492 952 negotiisa
514 866 673 949 Equidem
691 887 758 952 quo
777 871 940 955 magisilli

16 971 107 1074 pasti
127 987 253 1059 usauria
268 986 403 1067 studeo,
425 1003 464 1052 eo
481 982 698 1068 magianum
721 986 791 1069 ipse
816 982 940 1055 medios

17 1107 163 1172 critatem
179 1113 340 1188 tguosett3
364 1101 488 1185 reperio
503 1105 606 1168 'metim
621 1101 782 1186 ingenium
810 1105 842 1172 in
871 1124 939 1173 me·

20 1221 72 1288 din
91 1221 220 1304 quadam
237 1220 343 1285 classe
359 1217 497 1285 versaris
512 1225 618 1302 neque
630 1219 664 1286 in
680 1219 787 1287 infima
803 1233 936 1307 eorum,

20 1337 97 1420 qui,
119 1337 183 1404 misi
199 1347 355 1420 perpetua
372 1347 408 1402 sc
428 1341 536 1402 seuera
552 1335 674 1403 ordinis
690 1337 759 1420 iege
773 1337 952 1426 adstricti,¹

21 1449 65 1517 nil
88 1463 248 1533 possunt:
273 1463 380 1531 neque
410 1449 444 1516 iu
469 1458 616 1533 suprema
636 1459 770 1536 eorum,
793 1455 849 1536 qui
872 1457 954 1523 sins

26 1567 131 1633 ordine
147 1565 258 1632 omnia
276 1573 439 1649 possunt:
462 1568 517 1632 sod
542 1565 576 1633 in
605 1567 708 1634 media
729 1586 863 1654 eorum5
888 1571 947 1652 qui

26 1655 167 1751 ordinem
185 1697 217 1748 et
235 1682 328 1764 sequi
346 1683 556 1765 pierumque,
578 1696 610 1748 et
627 1684 767 1751 deserere
784 1685 944 1772 subinde,
968 1734 972 1744 -

25 1799 174 1866 debeantt
210 1795 348 1863 Memini
370 1815 420 1863 me
443 1815 498 1879 pet
525 1799 709 1882 complures
733 1799 821 1883 dies,
850 1807 947 1886 atque

27 1917 95 1984 adeo
112 1931 260 1994 meuses,
280 1911 455 1996 aliquando
470 1914 551 1981 nihii
569 1931 660 2000 agere
674 1931 788 2001 posse,
804 1937 841 1986 tc
859 1919 949 1987 dein-r

29 2032 61 2098 de
74 2031 280 2099 venementer
305 2029 414 2096 dolete
432 2039 554 2098 tantum
577 2029 657 2096 mihi
676 2029 949 2116 periissetempo‘·

30 2147 85 2214 risa
105 2160 221 2231 postea
240 2145 360 2231 tutiore
377 2145 508 2227 studio,
531 2159 561 2212 et
579 2145 762 2214 instauratis
780 2123 876 2230 qussi
896 2147 946 2215 via

31 2261 137 2344 nous,
157 2259 344 2330 intermissa
359 2259 465 2326 studia
480 2272 681 2343 repetere‚et
695 2259 848 2328 amissum
867 2275 947 2329 tems

32 2395 91 2460 pus
106 2393 321 2462 compensares
367 2371 458 2461 Quid
471 2373 595 2460 igitur?
617 2374 717 2463 Quod
734 2377 881 2446 alacritas
896 2379 952 2447 de·¹

34 2497 115 2579 ficit,
135 2503 229 2582 quod
253 2497 358 2577 tedit,
380 2507 446 2564 nou
473 2509 522 2562 est
542 2495 577 2562 in
596 2513 663 2562 mea
684 2505 857 2580 potestate.
901 2493 953 2564 Ut¹

33 2611 217 2681 deficientem
236 2613 427 2680 alteritatem
445 2619 512 2680 non
530 2613 644 2680 inuitis
661 2612 769 2680 Musis
786 2615 820 2680 in
839 2614 952 2682 eodem

35 2725 133 2794 studio
146 2727 285 2796 retinere
300 2741 419 2807 coner,
442 2727 500 2794 sed
514 2727 553 2793 td
569 2727 658 2792 aliud
669 2741 737 2794 non
751 2727 867 2795 inutile
881 2741 954 2795 stus

35 2841 114 2906 dium
128 2844 317 2910 traducum:
342 2855 378 2907 ut
394 2841 576 2906 redeuntem
591 2837 746 2921 excipiam
763 2855 799 2905 tc
817 2844 966 2923 sequata'

37 2949 141 3021 homm
169 2971 350 3039 atrumque
378 2955 412 3022 io
439 2969 509 3020 met
542 2967 591 3020 est
620 2959 789 3036 potestates
841 2957 957 3039 itaqtte

37 3085 71 3134 eo
87 3062 147 3140 iem
164 3071 320 3142 inducut’
338 3087 375 3140 ut
391 3083 524 3159 putem,
546 3070 699 3138 amissum
724 3071 806 3139 illud
825 3087 956 3157 tempus

37 3189 155 3277 dotem
184 3194 275 3263 idem
300 3211 372 3262 esse
387 3211 425 3261 ac
449 3193 557 3260 dolere
584 3199 634 3260 tue
659 3193 821 3260 hominem
846 3196 971 3262 natum

41 3319 115 3374 esse.
155 3309 261 3380 Mens
278 3310 433 3392 itumaost
456 3311 610 3393 quamdiu
624 3312 800 3398 conjuncta
816 3313 867 3379 eit
881 3317 957 3380 euni
1035 3337 1040 3354 ¹

41 3425 90 3493 itit
105 3444 263 3513 equorum
288 3429 384 3514 biga,
414 3429 478 3496 ruisi
506 3435 634 3496 currum
658 3428 842 3496 subvertere
858 3427 960 3513 velit,

40 3557 132 3624 equos
157 3566 228 3616 non
257 3547 364 3614 solum
388 3545 524 3630 imperio
545 3545 602 3612 sed
626 3545 786 3628 obsequio
802 3547 896 3615 etiam
914 3563 962 3617 re⁴

44 3673 352 3751 pt13saepeeotum
379 3662 517 3748 ingeniis
543 3661 743 3748 indulgebit,
765 3665 865 3751 magis
882 3667 963 3736 leni«

45 3779 101 3841 tate
117 3794 212 3862 quam
238 3781 274 3848 vi
299 3791 418 3850 utetur.-
463 3779 595 3848 Maueat
621 3791 696 3864 ergo
715 3780 800 3862 itoc,⁴
822 3781 964 3850 multum

44 3891 139 3964 volere
157 3897 327 3968 fortunam
345 3913 382 3964 ut
400 3899 435 3966 io
456 3897 545 3966 omui
560 3896 650 3979 vitu,
669 3895 715 3968 its
733 3899 768 3968 iu
783 3897 968 3967 studiisa'rae
1008 3948 1025 3960 ..

529 3999 583 4077 if
752 4055 755 4062 ⁴
892 4006 975 4074 tiuu
