2508 4712
263 299 399 378 utun
434 303 481 376 n.
518 301 857 386 unumunurn
897 349 900 360 f
955 307 1029 414 ug
1096 313 1102 326 ·

59 499 62 504 ’
97 487 453 580 Oderici'niiorumqno
466 493 581 578 opinio
594 495 729 566 Lunata
740 493 846 564 sudem
858 515 1033 592 csseans·

42 593 45 598 ’
103 612 257 681 Rustica.
307 610 415 692 uteo,
442 609 690 694 probabuntun
714 629 783 682 eam
807 613 886 682 mnu
920 619 1026 691 vrum

103 743 190 796 esse.
233 725 316 794 Nam
331 741 445 810 postet
458 743 553 812 saepe
567 725 728 809 intellexi,
750 747 868 798 uenum
886 751 956 802 csse
968 754 1025 805 so.

106 860 179 908 rum
203 843 369 926 studium,
392 843 450 926 qui
473 845 508 918 in
528 844 674 912 Historia
689 862 722 914 et
740 849 946 934 Antiquittte
961 873 1031 924 cer.

104 970 176 1025 tuut
192 959 272 1040 quid
285 961 500 1044 pronuncient
513 961 553 1028 de
568 962 664 1030 rebus
678 979 960 1039 monumentorum
975 973 1029 1040 vei

104 1071 403 1161 penuria-obscuris
419 1080 470 1142 vei
484 1075 636 1146 dissensu
652 1077 833 1164 impeditis:
849 1083 907 1150 ubi
924 1103 1025 1155 unum

102 1205 155 1258 est
181 1189 298 1258 Critici
321 1209 439 1260 munus
454 1193 718 1280 judicareque,
740 1173 948 1282 expluribus
965 1203 1028 1270 dn·

103 1306 169 1374 biis
187 1305 422 1391 opinionibus,
445 1309 553 1376 minus
575 1323 672 1392 quum
697 1310 837 1394 reliquae
853 1312 898 1380 sit
915 1317 1025 1388 dubis.
1068 1295 1073 1303 ’

101 1422 274 1490 Caeterum
297 1421 514 1492 Ruhnkenius
540 1423 656 1508 paucis
672 1437 746 1494 ante
765 1423 891 1494 obitum
908 1419 1029 1500 mensi·

100 1541 167 1609 bus
183 1556 251 1607 non
266 1541 336 1608 sine
350 1541 519 1622 voluptate
534 1533 712 1624 coguovit,
731 1541 920 1610 sententium
931 1561 1022 1614 suum
1116 1573 1125 1586 ·

105 1675 211 1742 nuper
224 1656 439 1725 confirmatam
454 1673 526 1724 csse
538 1673 623 1724 novt
635 1657 827 1730 ¹auctoritate
837 1657 1027 1744 inscriptio·

104 1777 160 1846 nis
178 1789 267 1842 tutor
293 1775 444 1858 ignotae,
469 1773 607 1855 primum
631 1769 730 1840 oditte
754 1769 1026 1859 iBertheiemio,

100 1892 161 1958 iiio
185 1890 413 1962 Anacharsidis
440 1888 617 1973 scriptore,
638 1888 780 1974 egregiae
803 1903 879 1958 senc
906 1891 1026 1960 doctri·

100 2023 183 2089 uae,
207 2007 265 2090 qui
289 2025 357 2074 non
384 2005 489 2098 multo
517 2016 596 2088 post
611 2001 719 2088 ipsum
742 2008 880 2076 eamdem
904 2028 1024 2095 propo·

96 2135 206 2188 suettt
235 2121 424 2188 sententium
448 2119 490 2184 in*
505 2115 674 2184 Memoriis
694 2119 882 2188 Academiae
904 2121 1023 2198 luseri-

87 2233 268 2320 ptionum,
291 2233 399 2298 Tomo
414 2209 572 2300 xxxui.'
627 2251 643 2299 x

64 2389 73 2406 ·
140 2348 274 2418 Accidit
300 2349 330 2416 ei
363 2365 438 2416 mox
470 2366 572 2418 novoe
600 2351 741 2420 suavius
778 2349 913 2424 notitiae
943 2370 1020 2426 cum

88 2461 289 2537 christiano
306 2461 466 2529 Fridcrico
481 2459 663 2545 Metthtei,
686 2463 758 2532 viro
775 2464 809 2532 in
832 2465 884 2534 his
898 2465 1021 2536 Literis

89 2583 288 2656 excellenter
317 2595 468 2665 versato,
500 2579 753 2668 Gymnesiorum
787 2583 1021 2656 Universitntis
1079 2613 1083 2620 ·

93 2699 306 2773 Moscuensis
327 2697 488 2765 Rectore:
506 2698 563 2779 qui
576 2697 772 2764 Ruhnkenio
785 2699 919 2782 ignotus
933 2701 1020 2771 duos

96 2821 120 2887 d
144 2834 179 2884 se
199 2825 341 2899 repertos
366 2808 455 2879 misit
481 2807 630 2893 Hymnus
654 2807 867 2876 Homericost
888 2811 929 2876 dc
945 2813 1020 2894 qui·

96 2938 163 3004 bus
182 2945 295 3018 poster
315 2925 471 2998 dicemus.
517 2923 565 2992 Et
585 2939 663 2990 vero
680 2919 837 2989 Matthaei
859 2923 1020 2998 industris

90 3067 129 3120 et
144 3046 324 3118 humanius
340 3043 375 3110 in
389 3037 589 3110 excutiendis
605 3051 637 3104 et
653 3036 825 3122 prodendis
840 3035 1020 3110 Moscuen·

90 3168 181 3238 sium
211 3161 484 3233 Bibliothectrum
509 3153 640 3241 scriptis
664 3155 864 3236 codicibus,
895 3155 1017 3242 egregie

92 3283 207 3356 merite
223 3293 326 3350 estut
345 3280 385 3348 de
407 3278 583 3346 multorum
604 3274 774 3344 doctorum
794 3269 963 3338 hominum
981 3272 1016 3344 iu

89 3397 227 3467 Veteres
247 3393 391 3464 Graecos
413 3390 615 3476 Scriptores,
638 3400 708 3455 tum
730 3387 771 3453 de
793 3386 871 3452 meis
887 3386 922 3453 in
939 3385 1016 3454 Piu-

92 3514 263 3595 ttrchum,
288 3509 424 3579 studiist
446 3509 541 3594 cujus
570 3503 716 3574 beneficii
740 3516 867 3590 grecum
894 3503 924 3569 ei
947 3504 1018 3572 sni·

92 3645 182 3700 mum
199 3639 235 3722 ut
251 3625 285 3692 in
301 3621 498 3692 Praefatione
512 3618 699 3706 Plutarchus
709 3599 844 3684 testo'tus
860 3631 956 3699 sum,
971 3615 1018 3690 its

90 3759 180 3814 nunc
200 3756 332 3823 quoque
347 3751 459 3805 testor.

129 3853 268 3952 ¹Toupii
293 3851 465 3940 Longinus
488 3851 613 3922 tandem
632 3846 754 3944 prodiit
775 3847 794 3938 (
805 3849 934 3939 1778Jr
955 3863 1017 3920 nec

915 3971 1023 4036 cums
