2470 4724
274 323 345 426 pp
447 315 1031 404 ,urruns-rtutrurrsult

280 523 350 596 tgur
368 507 412 576 itt
428 507 854 593 turchatflensterlrusius,
876 526 912 580 ιιι
925 509 1010 579 illius
1030 510 1159 578 intracta-¹

280 629 379 704 liuue-
398 629 525 715 primur
548 629 713 712 copiarum
741 629 914 697 ubertarem
944 649 1013 696 curn
1036 628 1159 696 seren'utr

279 749 424 818 deiectus
456 749 688 831 conjungeret:
713 747 813 834 hujus
837 761 869 814 et
896 748 1048 814 materiam
1067 758 1157 829 augeret

279 863 491 942 erratorem
518 863 644 944 primus
668 863 901 943 constitueret,
924 879 1017 946 atque
1034 861 1097 926 adeo
1112 857 1157 924 uui·

279 999 343 1054 orta
360 981 430 1063 ejus
450 977 618 1044 haberetur
639 979 813 1061 inventor,
837 995 867 1046 et
892 999 1000 1061 unus,
1021 991 1158 1060 portien·

279 1111 330 1172 tas
349 1093 503 1174 Lirenas,
524 1091 667 1160 Graecae
692 1091 891 1178 Latinaeque
914 1095 1037 1178 linguae
1050 1087 1157 1160 linuit·

280 1209 421 1294 dgnitcr
439 1205 610 1291 proferret.

294 1382 297 1396 ,
324 1323 467 1392 Gravius
484 1323 577 1392 etiarn
594 1322 820 1406 difficiliusque
838 1323 989 1404 expeditu
1003 1335 1048 1388 est
1062 1317 1155 1384 alterurr

281 1441 570 1525 inpedimentum,
594 1441 738 1524 positum
758 1442 991 1525 incorruptela
1006 1433 1155 1508 ererrorllu

279 1557 480 1639 scripturae,
506 1557 588 1622 ortis
606 1555 672 1622 illis
688 1573 761 1620 cum
788 1557 807 1624 d
822 1555 1025 1622 librariorum
1040 1548 1076 1614 rel
1088 1543 1150 1611 drau-

280 1677 320 1756 (ιι
344 1673 396 1746 rel
413 1672 628 1756 negligentia,
653 1687 722 1748 turn
753 1673 771 1738 l
801 1671 888 1737 situs
918 1689 955 1737 ac
983 1657 1152 1736 diutuuitllil

279 1789 417 1876 injunu
441 1788 531 1872 quod
556 1805 682 1868 omnent
704 1785 901 1870 intelligendi
919 1777 1155 1867 interpretandique

283 1902 459 1986 sollertiam
476 1902 599 1983 eludit,
622 1901 686 1975 nisi
702 1904 887 1986 corruptela
911 1903 953 1968 ad
970 1902 1104 1968 saniuten
1122 1909 1155 1956 re·

280 2015 398 2092 stituta
414 2013 511 2083 fuerit
521 2015 687 2098 ,adhibitd
703 2015 916 2084 emundatrice
934 2014 1074 2082 facultate
1086 2003 1152 2074 criti·

279 2153 330 2203 ca.
369 2133 481 2214 Haec,
502 2149 540 2200 ut
557 2150 674 2200 nonen
691 2132 809 2214 habet,
827 2130 872 2197 ita
886 2121 1150 2214 proficiscitrrrjr·

280 2230 419 2323 dicando
439 2245 518 2331 quid
536 2263 645 2314 return
666 2243 847 2328 falsumve,
877 2247 1014 2332 probunt
1036 2237 1152 2314 reltido·

158 2411 161 2416 .
280 2377 380 2452 ιιιιιιι,
402 2379 515 2447 sanum
533 2363 585 2428 vel
602 2363 816 2448 mendosum,
833 2377 958 2428 rectum
977 2362 1025 2428 rel
1040 2371 1150 2444 prrrunr

280 2485 377 2566 turpe
394 2473 443 2540 uel
464 2488 581 2555 secus,
601 2489 786 2563 germanum
803 2475 1049 2560 suppositunre
1063 2472 1108 2540 rit:
1122 2467 1153 2532 in·

267 2589 383 2688 ‘ogque
399 2589 439 2656 ad
461 2587 686 2658 inveniendum
709 2591 938 2676 progreditur,
964 2609 1051 2660 suurn
1076 2586 1154 2663 cuique

280 2705 651 2802 tribuens,tcprehenso
667 2706 754 2775 falso
771 2725 882 2776 return
892 2710 1057 2778 restituens
1067 2716 1156 2790 ,osten-

279 2836 323 2916 ιιι,
333 2822 515 2904 corruptela
531 2819 628 2908 sintul
645 2821 832 2902 medicinam
847 2822 1155 2909 expromens,relron

279 2938 422 3038 igetutae
444 2937 619 3020 felicitate,
636 2939 690 3008 vei
708 2953 910 3008 vetustorum
927 2945 1063 3010 codituu
1076 2947 1156 3000 duell·

281 3053 389 3150 ritate.
432 3053 544 3140 Hujus
570 3055 720 3126 scientiae
737 3043 857 3125 tantam
882 3055 1055 3126 facultates
1074 3043 1157 3116 habuit

281 3167 576 3268 idenstcrhosius,
596 3187 633 3240 ut
650 3173 793 3240 ornniunr
807 3190 969 3244 consensu
991 3177 1022 3242 in
1040 3191 1067 3236 ιι
1079 3178 1159 3247 regne·

281 3303 353 3379 ret,
381 3302 415 3360 et
439 3287 656 3378 kun-nimius
681 3309 751 3378 curn
781 3292 942 3360 serissime
965 3291 997 3362 in
1019 3283 1155 3365 erendum

281 3401 417 3506 perlecti
435 3387 558 3469 Critici‘
576 3419 794 3487 proponeret,
820 3408 945 3490 scripto
965 3407 1018 3472 illo
1041 3399 1156 3470 divinitu

282 3518 345 3585 viri
362 3517 505 3602 Elogio,
527 3519 560 3585 ιιι
583 3537 651 3602 quo
668 3520 711 3620 itu
728 3535 826 3589 totarn
850 3523 939 3604 illius
955 3524 1108 3610 doctrinan
1123 3528 1156 3588 ll·

282 3621 420 3718 pilc'uit,
441 3649 479 3701 ut
500 3636 597 3726 simui
621 3638 814 3724 significaret
835 3643 914 3726 quid
934 3643 1002 3726 ipse
1016 3627 1156 3731 probaverit,

277 3771 315 3848 ac
332 3771 464 3825 secutus
480 3759 536 3826 sit.
566 3759 662 3829 Hune
682 3759 821 3830 libellum
837 3778 872 3831 et
886 3735 988 3850 legant
1001 3775 1029 3827 et
1040 3755 1155 3824 edient.
1192 3773 1193 3816 l

162 3875 169 3896 ‘
279 3891 356 3946 curn
375 3892 487 3944 onnes
503 3879 714 3961 humanitatis
730 3881 894 3966 studiosi,
910 3897 975 3956 tun
991 3883 1013 3950 ii
1028 3875 1075 3961 qui
1087 3869 1156 3938 flen-

678 4012 684 4024 ·
1097 3996 1155 4051 stu·
