2508 4712
264 291 337 388 iil
423 283 560 378 vrrs
596 299 642 375 n.
680 275 1036 374 nunnnsmrt'

266 499 407 574 litorum
430 494 539 580 copiis
564 509 675 577 param
701 491 873 560 liberaliter
894 491 969 558 nti:
1003 487 1076 574 qni,
1103 491 1195 562 lieet

268 611 552 705 insensatissime
580 607 709 692 ingenio
730 621 763 674 et
789 605 942 674 interiore
965 604 1100 673 Graecae
1117 607 1191 676 lia*-

271 747 354 818 guae
369 725 499 794 scientia
516 722 701 808 praeditus,
725 719 846 803 quibas
861 719 1026 804 propriam
1043 720 1108 788 sibi
1121 723 1193 805 glo.

270 849 349 920 riam
372 861 479 930 parere
503 853 637 922 posset,
660 851 765 905 tamen
788 837 921 906 adenem
939 855 1036 922 saepe
1050 836 1191 920 surripe·

187 957 193 970 “
271 979 332 1031 ret.
374 959 458 1024 Sunt
473 953 558 1020 enim
578 953 613 1020 irt
629 954 700 1038 ejm
715 951 993 1020 emendatioribus
1010 952 1099 1018 lrasd
1113 969 1193 1035 pru·

269 1096 327 1146 eae
353 1069 541 1157 hujusmodi
569 1068 604 1136 in
637 1068 758 1150 quibus
784 1065 922 1149 Antiqui
946 1067 1126 1148 scriptoris
1148 1069 1196 1133 lo·

272 1207 347 1257 cum
366 1187 432 1272 jam
448 1203 467 1250 a
483 1173 700 1262 Castabono,
722 1179 955 1266 Valckenario,
976 1178 1193 1264 Ruhnkenio,

273 1321 330 1372 aut
352 1299 446 1380 aliis,
468 1297 591 1382 egregie
615 1295 836 1377 emendatum,
856 1284 1018 1362 levissime
1029 1297 1142 1366 addito
1158 1325 1193 1368 rr

270 1420 326 1488 vel
349 1420 403 1497 ll,
436 1411 576 1479 similive
599 1411 875 1492 correctiuncula,
900 1427 1023 1494 mutat,
1041 1427 1108 1480 tum
1138 1425 1194 1479 to·

274 1547 346 1598 tum
372 1525 477 1593 veluti
494 1525 513 1592 a
531 1536 565 1590 se
581 1523 653 1589 solo
671 1538 920 1607 perpurgatum,
943 1524 1094 1608 apponit,
1112 1543 1196 1594 cum

273 1647 332 1716 tall
354 1645 419 1711 lere
444 1641 604 1722 formula,
625 1645 676 1708 ira
702 1638 851 1726 legendus
869 1644 923 1708 hic
950 1643 1059 1726 locus,
1079 1651 1113 1713 ira
1129 1666 1193 1734 qao

274 1755 471 1828 emendando
487 1759 600 1842 magor·
616 1755 685 1822 viri
695 1769 815 1841 parum
831 1753 1001 1824 viderunt.
1044 1755 1198 1825 Ruhnke-
1248 1761 1249 1770 ’

276 1875 351 1946 nius
377 1871 505 1956 quidem
521 1881 635 1953 postea
658 1867 692 1934 in
707 1867 803 1934 altera
820 1867 963 1934 editione
975 1869 1197 1954 Epistolantm

1249 1977 1250 2016 l

275 1990 473 2062 criticartim
490 2001 523 2052 ct
545 1983 694 2065 Timaei,
716 2001 792 2050 suar
809 1983 878 2067 ipse
892 1987 1111 2055 correctiones
1130 1991 1197 2059 vir·
1249 2019 1250 2038 2

276 2105 418 2187 dicavit,
442 2101 566 2186 Toupii
584 2120 702 2169 morem
727 2101 840 2168 leniter
856 2103 1093 2186 perstringente
1116 2117 1196 2175 tunc

277 2245 356 2294 vero
381 2222 575 2302 verebatur,
607 2239 647 2287 ne
675 2217 889 2304 Longinianis
918 2219 1200 2286 animadversioni.

276 2335 342 2403 laus
362 2337 443 2402 idem
464 2335 614 2402 eveniret.
658 2333 779 2416 Porro,
803 2352 868 2401 non
887 2331 1010 2400 ferebat
1023 2337 1197 2406 tarditatem

278 2449 454 2530 editionis,
474 2449 538 2534 jam
567 2451 651 2516 ultra
677 2467 803 2516 emtum
824 2467 1089 2522 annumeratae.
1131 2456 1200 2540 lgi-
1251 2453 1252 2466 ¹

276 2587 331 2641 tur
353 2567 619 2638 Dissertatiorem
644 2567 684 2634 dr
709 2570 791 2638 Vita
816 2584 848 2636 rt
870 2571 1007 2662 Scriptis
1028 2569 1198 2659 Longini,

275 2709 374 2775 quam
393 2703 507 2769 antea,
531 2685 606 2754 item
632 2685 807 2770 scriptam,
830 2687 965 2772 Toupio
982 2690 1102 2756 mittere
1116 2709 1201 2758 eon·

279 2805 453 2886 stituerat,
477 2805 609 2872 seorsim
638 2803 709 2888 ipse
735 2805 834 2871 edidit
857 2805 1198 2892 Lugdunibaravorum

278 2942 364 2992 anno
388 2924 421 2989 lt.
453 2939 482 2986 s.
519 2921 752 3004 septuagesimo
780 2935 884 2990 sexto.
938 2921 1032 2991 Hane
1054 2923 1199 3007 equidem

275 3047 348 3109 'non
375 3039 491 3104 dubito
519 3037 729 3104 immortalem
753 3041 921 3122 appellare.
968 3039 1108 3108 Similem
1125 3061 1201 3124 ope·

279 3175 346 3224 ram
367 3153 573 3240 Porphyrio,
597 3155 821 3238 condiscipulo
840 3169 872 3224 et
889 3159 1016 3241 aequali
1033 3157 1201 3244 Longini,

275 3285 446 3343 novaverat
460 3271 626 3354 superiore
643 3271 770 3338 saeculo
783 3270 890 3340 Lucas
902 3271 1095 3344 Holsteniur
1106 3323 1119 3358 ,
1132 3293 1202 3342 eru·

281 3387 464 3453 ditissimus
488 3385 567 3452 vira
602 3401 665 3468 et,
690 3386 799 3471 judice
822 3385 1041 3471 Ruhnkeaio,
1071 3389 1116 3455 ita
1139 3408 1201 3455 rem

280 3518 446 3588 gesserat,
469 3519 507 3570 nt
524 3503 648 3586 primus
663 3503 849 3588 hujusmodi
867 3503 1023 3570 historiae
1034 3505 1115 3572 bene
1128 3503 1203 3572 scri·

272 3619 401 3690 *bendre
421 3623 598 3705 exemplum
617 3623 715 3690 daret.
759 3619 972 3689 Ruhnkenins
996 3621 1200 3692 Holsteninm

276 3755 352 3802 eam
381 3735 529 3805 materiae
553 3737 676 3821 copia,
704 3752 772 3803 tum
798 3753 882 3804 certe
906 3735 1030 3805 formae
1053 3735 1201 3824 elegantia

276 3857 453 3944 superavit.
496 3857 604 3941 Nam,
627 3859 662 3926 in
681 3857 808 3926 materia
826 3859 955 3930 nudam
970 3870 1037 3934 erat
1060 3871 1197 3928 verenam

1129 3986 1197 4060 ὅθ·
