2508 4712
190 381 326 454 vern
365 377 411 454 n.
452 373 796 457 nonoretur.
901 389 974 476 sse

43 567 252 643 tormentis
278 565 382 648 mihi,
406 577 446 634 ot
470 564 536 649 ipsi
554 563 842 660 'Hemstrrlrusium
863 583 966 642 norae
1010 643 1013 656 ,

39 687 137 755 veluti
157 683 242 750 vitae
258 697 392 752 auctore
416 698 515 768 atque
537 697 575 748 ut
598 684 672 766 ipse
689 669 802 767 mtgnt
824 681 889 752 ftrit
902 686 965 755 mei

36 821 135 888 pars,
156 800 204 867 ita
223 817 283 884 ego
310 799 466 867 nonnulis
494 800 624 884 ipsius:
655 816 687 868 et
712 799 748 866 in
776 798 882 881 ipsius
898 802 974 870 vitat

36 916 191 990 narrmda
210 934 260 982 me
283 914 346 982 mei
369 915 474 998 ipsum
503 912 697 980 mentionem
720 912 970 996 praetermittere

22 1043 80 1094 .rrt
103 1027 244 1094 alienum
272 1041 322 1094 est
349 1027 368 1096 i
396 1025 591 1110 proposito,
618 1025 661 1093 ita
687 1028 773 1110 tpud
795 1025 972 1112 pterosque

32 1148 86 1212 vei
105 1145 203 1210 enimi
222 1143 361 1228 ingrati,
381 1144 433 1212 vei
455 1141 705 1226 intempestivae
717 1142 890 1209 modestiae
905 1161 970 1214 no.

34 1277 100 1329 tara
127 1261 251 1340 subeat,
302 1259 375 1328 Nec
399 1275 505 1326 tamen
529 1258 668 1343 amplius
695 1259 735 1325 de
767 1259 968 1344 medicam,

36 1398 133 1463 otram
160 1379 200 1445 ad
233 1375 420 1444 Ruhnkenii
452 1394 501 1447 trs
535 1375 776 1461 cognoscendas
804 1373 966 1458 pertinet:
1034 1389 1037 1395 “

37 1492 298 1577 quandoquidem
317 1493 357 1559 de
375 1492 478 1560 initiis
495 1493 678 1560 studiorum
697 1509 838 1560 meorum
854 1489 970 1566 tlioin

34 1608 123 1678 libro
138 1623 263 1678 tentum
287 1609 376 1713 diri,
399 1623 553 1693 quantum
588 1587 744 1693 temporis
774 1609 905 1692 locique
930 1607 972 1674 il·

35 1723 104 1790 lius
123 1723 206 1794 ratio
230 1723 430 1807 postulabat,

83 1835 161 1922 Ego
180 1837 379 1922 undeviginti
400 1851 638 1920 annotentur,
659 1837 747 1906 lecto
773 1839 972 1922 Xenophon·

36 1967 97 2035 te,
129 1951 170 2016 ad
193 1953 326 2020 alterurn
351 1951 531 2020 Socraticae
548 1955 718 2022 sutritatis
740 1939 863 2024 fontem
882 1973 973 2023 aces·

35 2065 119 2131 dens
143 2063 332 2147 Platonem,
355 2063 493 2142 miriiioo
519 2067 658 2150 quodam
675 2067 774 2152 hujus
791 2068 901 2136 studio
919 2088 973 2136 ca·

34 2178 176 2262 piebtr,
202 2196 270 2244 nott
285 2177 391 2249 solum
411 2193 448 2244 ut
459 2177 596 2264 legendo
611 2181 722 2250 satiari
736 2201 803 2251 non
821 2201 971 2266 possent,

33 2293 93 2362 sed
112 2305 152 2364 ut
171 2291 461 2365 animadversiones
491 2296 585 2362 etiam
611 2289 644 2365 in
663 2297 837 2380 plerosque
855 2297 967 2366 Dialo-

33 2428 122 2496 gus,
157 2427 220 2492 pro
246 2427 332 2510 tneo'
345 2409 473 2494 quidem
507 2391 606 2497 captu
634 2412 704 2488 illes
726 2427 758 2480 et
787 2415 971 2500 juveniles,

34 2526 115 2608 sed,
141 2523 256 2606 quoad
270 2523 340 2608 ejus
359 2522 428 2590 fieri
445 2543 578 2608 posset,
602 2524 771 2612 diligenter
788 2527 973 2594 conscribe·

33 2661 128 2723 rem,
151 2639 241 2706 itud
267 2655 363 2706 serus
388 2657 426 2708 ac
444 2639 476 2706 si
498 2643 628 2710 scholas
648 2643 682 2710 in
698 2642 861 2710 Platonem
880 2642 976 2708 habe-

31 2773 65 2826 re
83 2753 352 2834 constituissem,
401 2755 474 2821 Hoc
497 2756 575 2826 dunt
603 2773 686 2838 rgo,
708 2758 799 2822 venit
820 2755 905 2824 forte
932 2757 973 2824 td

32 2893 85 2942 me
113 2871 290 2940 familiaris
313 2887 404 2944 meus
431 2883 463 2936 et
483 2871 606 2944 amicus
628 2869 661 2956 J.
685 2869 738 2940 M.
758 2855 974 2938 liassenka'rn·

30 2989 134 3076 pius,
155 2987 187 3053 is
206 2985 265 3070 qui
287 2983 455 3067 superiore
472 3003 558 3053 anno
577 2986 733 3078 (1797.)
757 2983 790 3052 in
809 2983 975 3056 Rinteltn·
1062 2989 1066 3004 ⁴
1156 2963 1161 2978 ’

34 3102 65 3172 si
87 3101 273 3174 Academit
291 3099 464 3178 Professor
488 3101 570 3178 diem
592 3100 698 3182 obiit,
722 3101 806 3173 haud
822 3100 976 3173 mediocri

9 3287 10 3292 ,
31 3235 110 3286 sane
129 3233 165 3286 et
186 3232 262 3288 tneo
277 3233 351 3288 euro
369 3214 505 3300 dolore,
526 3228 558 3280 et
578 3213 762 3301 eruditioris
778 3213 976 3299 Theologise

29 3336 257 3410 detrimentor
284 3333 312 3412 is
342 3332 442 3418 igitur
464 3333 505 3402 ad
529 3351 580 3408 ror
603 3330 734 3406 veniens
757 3315 901 3404 libeliom
919 3333 975 3400 ad·

29 3450 121 3537 fert,
145 3453 192 3520 de
210 3449 307 3542 cujus
326 3465 384 3523 rtet
408 3461 543 3520 auctore
567 3467 625 3517 net
648 3449 769 3520 editore
793 3447 897 3514 adhue
922 3451 975 3518 vel

31 3568 200 3638 inlibris
234 3567 390 3650 legeram,
419 3563 471 3632 vel
496 3563 595 3634 fando
621 3565 820 3645 audiveram,
852 3563 975 3633 Timaei

31 3683 193 3754 chr'con
211 3679 332 3754 Vocurrr
354 3679 604 3748 Platonicorum
621 3699 693 3754 carm
719 3677 976 3754 animadversio..

8 3863 9 3872 ,
31 3799 131 3868 nibus
166 3792 316 3866 Doridis
338 3791 548 3862 Ruhnkcrrr'r'r
580 3805 709 3872 narrat,
739 3808 775 3858 se
797 3794 883 3875 hune
910 3795 977 3862 ribi

36 3916 201 3994 libellum
227 3927 430 4007 comparasse
456 3929 492 3983 ee
515 3908 670 3994 opinione
693 3923 725 3978 et
749 3929 825 4010 spe,
852 3926 889 3981 ot
918 3927 977 3994 per

543 4021 605 4100 Tr
636 4043 660 4124 4
910 4042 985 4104 eum
