2508 4712
264 274 852 352 unusntturrnrtunrt.
954 289 1026 374 ssu
1081 285 1096 358 .·
1210 297 1213 309 “

86 477 173 555 me,
194 483 271 538 cum
289 468 473 547 universae,
488 477 564 532 tum
585 465 726 536 Graecae
743 479 774 534 et
790 467 945 564 Latinae,
961 465 1025 555 qui·

97 602 168 656 tum
193 586 340 670 privatus
358 596 552 650 senectutem
571 580 680 666 Hugae
697 583 729 648 in
746 583 873 650 literato
892 587 1027 668 degebat

91 703 178 772 otio.
223 700 340 806 Hujus5
361 697 606 788 familiaritatem
629 713 660 760 et
679 697 851 764 amicitiam
877 701 1024 766 studiose

88 816 222 884 colebat
237 813 475 893 Ruhnkenius,
493 827 630 894 eumque
651 811 738 896 sibi,
761 830 837 895 post
853 811 1022 896 Bergetum

86 933 246 1017 quintu,
275 931 389 998 ducem
420 929 461 995 nd
491 927 646 996 rariorum
678 927 835 996 librorum
861 927 1025 1012 cognitio·
1127 973 1130 982 ,

97 1066 173 1116 nem
208 1045 395 1128 exstitisse,
427 1044 607 1128 praedicare
635 1043 773 1112 solebat.
822 1044 872 1112 De
905 1041 1028 1126 Hopfio

91 1162 223 1232 memini
247 1175 369 1246 patrem
397 1159 479 1228 mihi
503 1177 609 1226 meum
636 1177 783 1241 nutare,
808 1177 908 1241 quum
938 1158 1025 1226 dice·

89 1291 162 1359 ret,
193 1295 229 1344 se
259 1293 397 1362 puerum
430 1275 548 1348 Bernae
580 1276 673 1342 illum
698 1274 762 1359 jam
790 1273 1023 1342 adolescentem

88 1393 287 1464 Graecarum
303 1391 483 1460 Literarum
505 1391 597 1458 leude
619 1391 784 1458 florentem
800 1387 1020 1472 cognovisse,

94 1512 232 1596 ejusque
251 1509 395 1592 exemplo
419 1510 460 1576 ad
478 1509 617 1576 eamdent
645 1505 773 1573 laudem
795 1503 1024 1586 capessendam

91 1623 264 1693 incitatum
288 1622 405 1692 fuisse.
450 1623 514 1692 Sed
532 1621 572 1688 de
591 1635 681 1706 patre
702 1637 797 1701 meo,
820 1618 947 1702 optimo
967 1613 1019 1687 vi·
1134 1620 1137 1625 ’

90 1755 156 1819 ro,
185 1736 258 1817 cui,
289 1738 381 1820 quod
410 1735 481 1820 ipsa
509 1735 575 1802 vita
606 1736 710 1820 majus
740 1748 808 1816 cst,
839 1732 1020 1818 Literatutn

57 1923 63 1932 ,
91 1868 232 1918 amntem
246 1852 479 1934 orcolennlque
499 1851 619 1936 ingenii
638 1851 728 1918 initia
749 1849 867 1931 debui,
888 1865 1022 1920 nonest

89 1965 183 2048 quod
205 1967 268 2033 hoc
296 1966 372 2032 loco
398 1965 491 2048 plura
510 1963 634 2046 dicam3
659 1963 917 2044 quandoquidem
939 1961 1018 2030 alibi

85 2082 159 2148 dixi
172 2081 212 2148 de
228 2081 319 2148 illius
336 2080 476 2166 Elogio,
499 2082 591 2163 quod
607 2080 742 2163 scripsit
755 2081 788 2166 J.
807 2081 1016 2153 Christianus

82 2195 232 2280 Bangius
259 2197 380 2282 (62),
405 2195 528 2282 egregia
547 2197 598 2264 vir
615 2211 647 2263 et
662 2197 876 2280 Antiquarum
894 2198 1018 2268 Litern-
1153 2287 1157 2294 ι

70 2329 157 2379 mum
182 2311 338 2393 scientis,
360 2323 392 2378 et
416 2305 550 2380 Latinae
568 2303 722 2380 orationis
749 2313 926 2397 facultate,
947 2315 1007 2384 sed

71 2425 203 2495 esteris
225 2426 327 2510 magis
350 2445 445 2509 quarn
466 2428 600 2524 civibus
617 2429 687 2514 ipse
709 2429 778 2498 suis
801 2432 967 2517 cognitus.

133 2541 234 2610 Venit
261 2545 397 2626 denique
418 2561 564 2630 ternpus,
596 2563 663 2630 qun
691 2545 905 2616 Ruhnkenius
923 2549 1012 2616 illam

82 2659 182 2727 etiam
202 2659 367 2725 doctrinae
384 2679 460 2726 suae
478 2677 620 2744 patrem,
643 2679 724 2742 quae
739 2665 898 2744 exquisita
910 2663 1013 2733 iibrn·

83 2792 160 2841 rum
175 2773 364 2858 cognitione
379 2773 568 2852 constabat,
587 2775 724 2854 publico
742 2793 871 2842 munere
886 2793 917 2843 et
933 2799 1011 2863 pro·

83 2889 234 2958 ficeretur
251 2901 283 2954 et
302 2901 518 2970 expromeret,
535 2899 666 2957 mortuo
681 2889 866 2959 Abrahamu
880 2891 1012 2961 Grono-

78 3007 142 3078 vio
160 3005 316 3092 (1774.)
334 3005 509 3072 succedens
528 3005 564 3072 in
580 3002 782 3088 praefectura
797 3006 1012 3077 bibliothecae

82 3120 396 3206 Lugdunobatavae.
440 3117 527 3198 Huic
559 3121 662 3188 adhuc
682 3124 766 3190 vivo·
783 3143 884 3206 quum
909 3125 1013 3191 Cura·

86 3254 179 3306 tores
194 3255 413 3304 successorem
432 3238 589 3306 destinare
608 3239 750 3321 vellent;
775 3254 912 3321 uterque
923 3235 1013 3306 Lit't·

81 3371 193 3421 rarum
208 3349 403 3434 Professor,
425 3367 457 3420 et
474 3353 691 3422 Ruhnkenius
711 3369 741 3421 et
759 3351 1011 3438 Valckenarius,

80 3465 289 3552 provinciam
319 3465 488 3549 petebant,
511 3469 601 3534 nulla
627 3467 676 3534 illi
703 3467 933 3536 obtrectatione
957 3483 1014 3536 sut

76 3582 232 3668 invidis,
257 3600 337 3673 quae
360 3581 394 3651 in
418 3583 480 3654 hos
502 3585 592 3652 vitos
615 3602 682 3652 non
708 3585 857 3668 cedebat,
880 3587 937 3653 sed
952 3603 1012 3670 po·

943 3704 1010 3772 tius

113 3839 211 3928 (62)
232 3845 372 3911 Biblioth.
392 3849 465 3914 Crit.
484 3851 552 3912 vor.
572 3851 611 3910 ll.
632 3853 707 3913 Part.
725 3851 766 3912 ll.
784 3867 814 3927 p.
833 3853 895 3925 138.
968 3841 984 3890 ·'

536 3949 604 4018 Vu
635 3971 657 4036 4
