2388 4714
255 259 325 352 Μ
433 267 692 348 PRAEFATIO
714 289 760 351 tx
781 271 1007 360 tumorem

257 461 432 534 detentims
463 479 560 548 saepe
588 461 767 551 insistens,
795 469 889 543 locos
918 475 1064 550 difficiles
1091 481 1188 560 aeni

257 581 364 662 tiens,
387 579 548 664 plurimos
572 593 688 650 notans
713 597 747 651 et
779 585 815 654 in
843 591 1025 664 adversaria
1050 601 1188 678 referens

257 703 353 772 etiam
373 717 454 784 quae
467 702 507 769 ad
523 701 730 771 Plutarchum
750 720 818 776 non
833 712 1039 794 pertinerent.
1081 722 1188 792 Athe-³

255 825 393 899 nasum,
418 829 456 882 ut
470 816 533 882 hoc
552 825 646 901 utar,
668 834 761 889 antea
775 825 959 907 quindecim
973 833 1098 906 diebus
1116 860 1188 925 pers

254 938 398 1020 lectum,
440 951 529 1006 nunc
560 952 639 1007 octo
667 942 795 1012 demum
830 949 996 1020 mensibus
1039 957 1188 1033 absolsi}

255 1051 488 1135 Philosophiae
513 1054 710 1140 aliorumque
731 1061 949 1134 doctrinarum
968 1071 1031 1154 iam
1050 1095 1121 1146 non
1139 1089 1188 1148 sap

57 1199 61 1209 .
177 1227 184 1246 Ι
254 1167 300 1234 tis
323 1165 420 1232 habui
445 1164 578 1253 disjecta
603 1183 638 1234 er
662 1174 756 1256 quasi
773 1176 918 1260 dispersa
935 1184 1061 1255 vidisse
1084 1211 1183 1262 mem·

255 1285 335 1350 bras
360 1279 407 1352 nil
426 1281 505 1347 mihi
534 1296 640 1350 actum
668 1287 848 1358 existimavi
868 1293 957 1379 nisi,
983 1307 1188 1388 quoadqnio

255 1395 327 1462 dem
361 1399 432 1482 ejus
462 1415 480 1463 a
509 1417 560 1464 me
590 1399 659 1467 fieri
693 1421 835 1490 posset,
873 1425 981 1484 eccum
1017 1415 1188 1511 formamp

256 1522 397 1594 nexum,
420 1525 453 1580 ct
469 1513 564 1594 quasi
582 1535 718 1598 corpora
732 1524 870 1606 propius
898 1535 1092 1621 spectarem,
1114 1546 1188 1611 oris

254 1625 384 1716 ginon,
407 1645 623 1714 progressus,
646 1629 814 1703 historiam
842 1640 982 1727 denique
1001 1667 1188 1738 cognoscc-¹

252 1751 333 1811 iem.
378 1743 454 1808 Fuit
483 1741 537 1810 hic
563 1747 779 1830 complurium
807 1753 900 1823 labor
920 1779 1102 1851 annornm,
1126 1783 1188 1839 cu·³

247 1861 306 1946 jus
326 1851 471 1927 fructum
496 1862 714 1945 peculiaribus
746 1867 781 1936 in
808 1871 932 1939 scholis
956 1893 1031 1944 cum
1053 1884 1188 1955 dircen-1

251 1976 344 2046 tibus
370 1979 608 2046 communicate
638 1999 705 2052 non
743 1985 913 2076 dubitavi,
946 1997 984 2062 ad
1014 2003 1188 2084 publicam

250 2091 356 2157 iucem
373 2091 477 2157 adhuc
496 2092 702 2162 immaturum
725 2099 892 2184 iudicavi:
918 2129 1024 2194 partes
1047 2124 1188 2204 quiden

251 2221 327 2272 cum
356 2221 446 2275 antea
479 2209 636 2294 prodidi,
667 2229 738 2284 tum
771 2237 834 2289 suo
867 2225 942 2295 loco
974 2237 1114 2318 prodam
1146 2245 1175 2317 io

248 2324 608 2398 Animadversionibus.

255 2463 261 2474 ·
289 2438 366 2505 Adia
391 2439 551 2512 tarditatis
578 2455 675 2516 causa
703 2447 769 2522 soit
799 2454 833 2524 in
858 2463 1081 2547 magnitudine
1109 2495 1176 2562 opc·

249 2569 323 2620 rum
345 2549 511 2626 Plutarchi
549 2557 787 2634 universorum.
839 2571 920 2642 Duo
949 2581 1058 2662 spissa
1087 2591 1188 2656 volu-2

248 2671 336 2742 mina
352 2668 474 2742 formae
491 2673 667 2760 maximae,
690 2683 877 2766 paginarum
903 2707 1003 2780 supra
1031 2699 1085 2767 bis
1111 2707 1178 2771 mssd

247 2784 302 2869 ie,
331 2786 488 2856 Auctoris
524 2789 623 2860 unius
653 2797 797 2868 omnium
829 2803 1033 2897 doctissimi,
1057 2819 1177 2888 doctri.

247 2921 322 2976 narn
347 2897 697 2994 ubiquespargcntis,
719 2932 813 3000 saepe
836 2919 1052 3012 effundentis,
1076 2953 1176 3016 quan·

244 3039 335 3105 tam,
367 3039 462 3105 quam
490 3025 609 3092 varium
636 3029 801 3114 interpreti
829 3039 964 3124 objiciat
990 3049 1188 3134 materiam„

244 3137 341 3208 facile
363 3151 415 3206 est
436 3139 477 3206 ad
500 3141 760 3217 existimandum.
805 3151 893 3221 Haec
920 3173 981 3243 ego
1006 3164 1188 3250 volumina

243 3259 374 3342 saepius
391 3279 408 3325 a
424 3261 528 3344 capite
555 3264 596 3330 ad
603 3265 727 3350 *calcem
745 3271 935 3358 perlegens,
959 3281 1006 3346 nil
1022 3281 1188 3374 proficies

246 3377 319 3445 iram
344 3381 491 3448 adilian
529 3399 688 3468 promtam
718 3388 864 3463 locorum
891 3399 1168 3486 recordationem,

242 3503 339 3575 quam
370 3493 404 3562 in
431 3493 544 3564 libello
568 3499 608 3565 ds
627 3503 710 3575 Sora
729 3505 889 3576 Numinis
912 3511 1074 3586 Vindicta
1098 3541 1188 3608 con-p

239 3618 375 3676 secutus
394 3627 499 3679 emms
521 3615 658 3698 septima
682 3620 777 3688 etiam
795 3625 955 3713 lectione,
979 3650 1167 3723 anteaquam
1187 3679 1188 3714 r

158 3731 160 3736 ·
239 3719 281 3796 sd
312 3723 451 3793 medinm
492 3731 738 3820 pervenissem,
770 3740 873 3822 prima
902 3745 937 3813 in
970 3749 1167 3822 oblivionem

236 3835 382 3914 ebibent.
422 3841 533 3929 igitur
554 3851 715 3924 materiem
733 3871 772 3930 ex
788 3859 998 3938 mulitudine
1024 3873 1065 3941 ad
1089 3892 1165 3959 psu-
1187 3907 1188 3948 i

1125 4007 1169 4058 ct·
