2470 4724
273 307 360 383 ’,μ
461 285 599 390 urna
634 287 681 361 m.
720 285 1036 372 innuantur.

295 474 610 550 Grammaticorum
626 488 695 544 tum
709 477 775 547 loci
787 478 951 565 Phtonir,
962 482 998 550 ad
1014 500 1086 566 quos
1099 481 1162 568 glos·

293 614 331 663 sa
346 608 491 680 spectat,
512 610 742 680 apponuntur,
755 595 903 679 ‘quotum
926 598 1029 666 nullus
1049 597 1103 666 iere
1118 617 1162 671 nor

298 713 446 798 insigne,
467 711 520 778 rei
540 709 734 794 sapientiae,
756 711 810 778 rel
833 713 1006 778 venustatis
1021 712 1109 780 lumen
1126 716 1163 780 ia.

297 829 375 898 beta
398 845 520 912 porro,
543 824 601 908 qui
617 825 680 893 hos
703 827 796 894 locos
818 828 1002 911 ververba,
1023 829 1165 896 retentor

298 929 367 1028 tia,
390 941 505 1010 imitati
522 958 625 1024 sunt,
647 955 680 1008 et
695 943 775 1011 varii
795 943 881 1010 varie
900 945 919 1011 e
935 943 1084 1012 Platonico
1095 963 1165 1011 exem·

221 1099 230 1116 ·
298 1053 912 1154 piorimulacra'expresserunt,ordine
922 1063 1167 1132 recensentursrri·

168 1172 171 1189 '
298 1195 433 1266 ptoress
455 1195 538 1272 quae
559 1196 611 1244 rea
634 1197 696 1246 uns
720 1178 754 1247 in
782 1179 896 1262 primis
911 1180 1069 1266 iucundam
1084 1178 1166 1264 legenti

300 1294 397 1380 iubet
420 1293 663 1377 cognitionem,
684 1311 724 1360 ex
747 1295 823 1362 loco
850 1273 1015 1362 Platonico
1036 1295 1115 1358 ronti
1134 1311 1168 1358 sa·

302 1408 442 1498 pientiae
465 1428 537 1476 arce
561 1409 777 1494 conspicienti
802 1425 955 1496 posteros
980 1407 1167 1492 scriptorem

304 1527 444 1592 eamdem
464 1543 566 1592 arcem
582 1525 696 1610 partim
713 1525 894 1610 enitentes,
911 1525 1019 1611 partim
1031 1524 1168 1590 monoteta

307 1661 444 1728 quorum
465 1653 498 1708 ct
515 1641 650 1711 invicem
671 1654 793 1708 etcum
817 1640 953 1710 Platone
968 1639 1171 1725 conparatione,

304 1759 440 1861 plurimi
452 1773 484 1825 et
497 1760 594 1846 hujus
608 1772 639 1826 ct
652 1759 783 1826 illorum
793 1757 857 1826 loci
872 1759 1169 1826 illustranturrtcmen·

307 1878 446 1944 daurura
467 1876 579 1942 nullus
604 1893 672 1942 non
689 1871 822 1942 ex'tom
838 1871 963 1940 Graeca
977 1871 1122 1952 Larinaque
1132 1883 1170 1934 au·

305 1991 456 2076 niquitate
473 1977 620 2074 Scriptor
634 2004 873 2074 pertractatus,
896 1993 1003 2058 nullus
1022 2008 1072 2057 non
1091 2002 1169 2051 recem

303 2087 376 2176 'nor
392 2109 432 2173 re
449 2108 501 2172 ms
522 2087 641 2172 uteru
657 2103 837 2188 promouit
855 2108 984 2188 qurum
1000 2105 1097 2174 crocus
1110 2100 1170 2165 uum

308 2221 492 2306 perlectus,
506 2239 567 2286 suo
585 2219 726 2304 quisque
738 2219 812 2289 loeo
823 2237 1004 2306 opportune
1013 2231 1169 2287 memoraturi

300 2337 449 2412 ¹subinde
465 2336 658 2403 ineditorum
678 2353 819 2404 veterum
838 2321 1100 2408 Grammaticorum
1110 2348 1169 2418 prat·

305 2463 434 2520 stantes
455 2451 617 2530 exquisita
634 2453 781 2519 doctrina
796 2469 894 2522 notae
910 2469 1124 2543 expromuntur:
1135 2459 1167 2514 et

306 2567 405 2634 etiam
422 2564 478 2632 ubi
495 2567 534 2632 ad
553 2567 658 2634 simile
675 2584 898 2660 argumentum
916 2571 1058 2658 digressio
1072 2567 1114 2647 it,
1127 2577 1169 2630 uun

308 2683 366 2758 ille
392 2681 534 2765 quaesita
560 2697 591 2748 et
612 2696 761 2768 captata,
781 2686 840 2751 sod
866 2689 955 2756 ultro
977 2705 1011 2753 tc
1028 2695 1116 2770 sponte
1131 2674 1169 2742 ob·

311 2801 398 2888 patna
431 2797 553 2882 ubique
577 2813 707 2884 apparet
737 2801 864 2868 unimus
892 2801 1042 2888 praesenti
1062 2788 1170 2880 operiiu·

312 2934 447 3000 tentus,
467 2917 514 2984 nii
531 2916 594 2982 sibi
612 2916 859 2986 intermissionis
877 2921 919 2986 ad
936 2917 1090 3005 vagandum
1102 2902 1170 2974 indui·

307 3053 418 3122 pens,
433 3051 589 3102 summanr
607 3035 763 3119 temporis
777 3054 813 3102 ao
830 3035 994 3104 breuitatis
1007 3031 1124 3099 rariorem
1135 3019 1170 3084 di·

309 3171 406 3222 cens.
449 3149 554 3234 Igitur
577 3137 631 3218 nil
656 3151 721 3219 nisi
749 3171 872 3220 novum
895 3169 929 3222 et
946 3149 1054 3224 nemini
1065 3133 1169 3213 autud't

315 3245 404 3340 etum
415 3265 598 3353 profertur:
616 3267 742 3352 siquid
758 3287 893 3354 eorum,
913 3289 992 3354 quae
1005 3268 1039 3334 ad
1049 3279 1100 3330 rem
1110 3249 1169 3340 phil·

309 3397 447 3466 nerent,
470 3384 533 3472 jam
551 3383 591 3450 ab
614 3383 687 3452 siiis
705 3384 917 3454 recentiorum
934 3381 1081 3452 homiuum
1100 3371 1171 3436 dum

304 3519 388 3570 ‚rum
415 3499 667 3568 soimadversum
695 3503 924 3588 proditumque
947 3513 1042 3580 estet,
1066 3475 1169 3576 pertusi

305 3621 383 3692 mis
400 3619 509 3688 verbis
519 3665 531 3702 ‚
542 3638 609 3688 non
626 3619 689 3690 nisi
699 3621 866 3692 nominato
882 3618 1014 3690 auctoris
1023 3593 1169 3684 nominent

208 3737 214 3744 '
304 3733 537 3822 ,gnificataque
553 3738 627 3806 libri
641 3739 777 3824 pagina,
799 3725 957 3807 monetur⁴
994 3711 1040 3803 ita
1061 3716 1169 3794 doctriua

320 3850 474 3922 severitas
504 3870 698 3940 temperatus
725 3817 1172 4005 suauitatetationispiidizi1
