2418 4718
130 297 399 378 enormem
418 287 676 375 mouentum
694 301 775 377 vo.
790 303 823 377 t.
882 295 979 424 um·

34 505 122 564 ntem
139 495 327 576 habebnt,
349 499 525 574 eorumque
551 503 748 578 receptorum
765 511 964 568 commemo*

39 613 204 681 rationem
233 623 346 690 tunm,
369 625 484 690 quante
501 623 613 675 nostro
635 612 789 693 soeculo,
812 613 965 698 religione

32 731 189 798 ederetur
213 747 232 794 s
261 725 421 794 Criticiss
453 725 568 808 partim
592 721 673 792 fecit
694 723 901 795 iestinstione
925 714 963 796 sc

32 843 140 914 studio
170 842 217 908 rei
236 841 387 925 gerendae
402 857 438 906 sc
456 839 634 906 multorum
648 837 968 909 Auctorem'editio-
1085 825 1093 836 ’

28 959 128 1026 nibus
156 959 198 1026 de
223 957 318 1026 bonis
341 955 462 1022 Literis
483 953 565 1022 bene
588 957 737 1024 merendi.
778 957 857 1024 Fuit
878 956 972 1024 enim

28 1075 82 1144 hic
93 1075 149 1144 vir
164 1091 249 1142 unus
263 1073 405 1142 omnium
417 1071 500 1140 idem
517 1073 549 1138 et
565 1071 841 1144 laboriosissimus
858 1071 969 1140 eteiii·
1020 1057 1026 1077 ³

26 1187 223 1258 cecissimus
244 1201 277 1254 ct
304 1185 569 1268 eruditissimus,
591 1187 650 1270 qui
672 1189 783 1272 piures
802 1187 969 1256 ductores

24 1309 185 1392 antiquos
203 1307 353 1374 trocttvit
377 1320 411 1374 ct
426 1307 549 1390 edidit,
571 1323 666 1390 quem
686 1309 742 1374 isti
759 1309 968 1392 reprehenso·

28 1441 80 1490 res
91 1425 263 1508 legerunt,
279 1423 374 1504 piem
403 1421 555 1504 scripsit,
575 1441 671 1506 quam
689 1423 747 1492 isti
762 1422 863 1492 feodo
877 1423 970 1490 audi-

32 1551 174 1620 verunt,
197 1537 352 1622 maiorem
379 1535 558 1604 doctrinm
585 1537 693 1604 animo
714 1546 898 1623 perceptam
920 1534 969 1605 tc*

30 1653 251 1738 nuit,‘qusnr
288 1652 345 1720 isti
375 1651 563 1736 suspicione
587 1653 745 1738 stringere
771 1669 961 1744 potueruut.

33 1768 168 1851 Nobis,
199 1781 278 1852 post
310 1785 382 1834 eum
408 1767 491 1834 idem
517 1767 660 1851 spatium
687 1769 867 1856 ingressis,
898 1787 966 1842 non

32 1886 207 1953 illaudatus
230 1883 354 1952 obibit:
379 1901 480 1968 esque
495 1883 591 1952 nobis
611 1887 672 1952 erit
687 1884 829 1953 laudario
849 1899 882 1951 ec
905 1884 975 1954 fre-¹

37 2019 140 2084 quens
165 2003 199 2069 in
214 2002 277 2068 hoc
295 2019 391 2086 opere
406 2015 438 2068 et
465 2001 655 2085 verissime,
676 2015 715 2070 ut
738 2001 801 2072 uiri
816 2003 899 2072 bene
919 2003 967 2070 di·

38 2133 93 2184 cts
109 2119 150 2186 sd
165 2118 339 2204 legentium
356 2117 575 2202 cognitionem
595 2135 817 2205 proponemus
836 2132 869 2186 et
885 2119 967 2186 ceie-

36 2233 191 2318 brcmus,
218 2253 315 2304 secus
342 2236 450 2318 diets,
482 2237 512 2304 si
538 2235 668 2319 quidem
695 2238 895 2308 memortnds
915 2235 968 2305 vi·

41 2351 200 2433 detetur,
219 2369 430 2419 memoremus
457 2353 526 2419 sine
548 2351 697 2438 superbis
720 2366 752 2420 et
772 2353 967 2423 ostentstio·

41 2479 105 2548 ne,
128 2481 165 2532 ur
178 2463 244 2536 iliis
262 2467 448 2536 erudientur
465 2469 628 2554 legentes,
650 2466 702 2538 his
719 2469 964 2542 admonentur·
1063 2555 1066 2560 ¹

450 2719 483 2806 i·
528 2735 562 2802 9·

190 2961 237 3024 De
254 2961 347 3022 tribus
364 2953 548 3019 Editionibus
565 2955 824 3020 craeso-Latino.

321 3069 360 3128 A.
381 3081 475 3142 1599,
496 3065 587 3138 1620,
608 3065 692 3140 1624.

98 3279 326 3369 Stephtnitnus
343 3297 515 3356 contextus
533 3284 684 3370 deinceps
698 3294 897 3369 propspstus
915 3291 975 3362 per

42 3413 116 3474 tres
137 3403 421 3478 Graeco-Latinus
450 3405 621 3478 Editiones
651 3419 769 3472 tenum
798 3413 971 3470 assecutus

41 3537 104 3588 cst
126 3525 367 3606 auctoritatem,
390 3511 429 3590 ut
445 3526 536 3592 solus
551 3539 663 3592 certus
680 3538 712 3590 et
730 3533 900 3607 germanus
915 3517 972 3587 hs·

45 3633 182 3710 inemo
229 3641 452 3710 Continentur
468 3641 526 3706 hae
541 3637 713 3708 Editiones
730 3635 860 3704 duobus
875 3633 974 3702 volu·

50 3751 187 3822 minibus
212 3753 340 3822 formae
362 3751 546 3835 mammae,
582 3769 719 3836 quorum
754 3752 893 3835 primum
923 3759 981 3814 est.
1124 3766 1127 3774 ·

57 3867 229 3956 Wtarum,
262 3868 381 3938 additu
413 3870 480 3956 jtm
502 3869 592 3940 Vtro
616 3867 742 3942 Galbae
764 3880 796 3936 et
818 3865 976 3936 Othonia

930 3979 982 4050 eis
