2508 4712
248 303 334 398 ss,
440 303 579 376 vrrs
613 309 659 377 n.
700 305 1035 384 susurrum

264 493 407 570 &mensi
421 493 590 577 cathedre,
603 495 763 580 reliquum
779 497 864 592 vitre
879 496 1181 570 ouumsussnt.

261 613 453 681 botstsnum
480 627 574 678 suum
601 611 788 693 concessit,
819 629 855 678 cc
880 630 938 696 per
961 613 1094 681 sicinius
1113 635 1179 700 op·

262 726 516 813 portunitrtem,
555 743 650 807 opem
674 729 859 794 communis
890 725 986 794 amici
1017 725 1181 798 Lsurmtii

262 841 426 925 Sentenii,
449 859 521 908 cum
546 839 743 910 Ruhnkenlo
768 842 954 927 ingratiam
972 845 1079 914 rediit.
1121 848 1184 915 Cs-

262 957 402 1024 tlredrem
418 957 488 1041 ejus
504 969 570 1023 tres
588 958 748 1042 inprimis
764 959 914 1042 petebant
926 962 1097 1030 candidati.
1125 962 1183 1048 lp·

262 1046 531 1142 seCurstoribus
545 1073 786 1142 commendabat
802 1075 1009 1143 Sentenium:
1027 1096 1079 1144 me
1089 1078 1184 1145 Vrlc-

258 1185 434 1269 keuu'rius,
455 1202 488 1252 et
506 1201 594 1273 grets
610 1189 764 1270 quredtm
787 1187 908 1255 civium
926 1187 1065 1272 opinio,
1094 1192 1183 1273 quod

253 1321 318 1390 pet
336 1321 394 1372 sex
409 1321 512 1372 annos
534 1305 696 1390 juventuti
712 1304 893 1372 Literni-um
908 1320 941 1372 et
957 1305 1184 1390 Philosophiae

256 1416 468 1488 institutione
492 1417 700 1502 profuissem.
753 1419 847 1486 Tulit
873 1419 1020 1488 Tollius.
1060 1419 1180 1489 iluim-

260 1535 375 1604 kcnius
397 1533 516 1602 nemini
550 1533 648 1602 trium
672 1553 798 1619 operum
822 1553 913 1604 suum
940 1549 1176 1620 praetenero-

207 1640 211 1649 ’
259 1653 345 1734 luit3
368 1653 457 1736 quod
474 1669 629 1737 peraeque
646 1654 714 1742 ejus
730 1651 906 1744 fuissemus
929 1653 1102 1738 discipuli:
1118 1656 1183 1722 mi·

259 1768 419 1838 bitumen
442 1767 475 1834 iu
499 1785 603 1835 sutem
629 1767 776 1851 dicebat,
799 1787 833 1836 se
858 1767 1009 1852 ampliori
1036 1787 1086 1836 me
1107 1768 1184 1838 loco

260 1887 457 1956 destinasses
481 1886 544 1954 boc
566 1887 724 1972 ejusmodi
738 1872 825 1967 eret,
836 1897 872 1951 ut
886 1899 944 1952 sut
957 1885 1025 1972 ipsi
1041 1887 1185 1971 eliquen-

258 2001 330 2084 do,
349 2012 406 2069 sut
423 1999 634 2069 Vulcbeurtio
649 2001 861 2067 succederem.

302 2115 433 2184 Oderici
449 2115 578 2184 libellus
593 2135 663 2200 quo
679 2115 802 2184 Graeca
810 2115 1009 2200 Inscriptio,
1027 2120 1186 2188 scenicum

258 2231 474 2299 Diduscalium
502 2229 692 2312 continens,
725 2227 939 2312 illustretur,
968 2243 1002 2296 et
1026 2229 1184 2300 Ruhnke-

256 2345 305 2414 nii
325 2347 483 2413 sententie
506 2344 660 2414 delestis
687 2343 806 2412 Bocchi
831 2342 976 2426 Amicis,
998 2347 1124 2428 proditu
1150 2348 1184 2414 in

257 2461 412 2530 ductario
436 2461 476 2528 ed
500 2459 728 2543 Hesychium,
758 2458 1028 2543 reprehenditur,
1056 2461 1184 2528 Romse

261 2573 367 2643 editus
390 2575 409 2662 (
424 2591 517 2658 1777·
529 2575 567 2662 ),
589 2588 621 2640 et
636 2591 745 2642 recens
762 2575 802 2641 sd
818 2593 881 2642 nos
899 2577 1037 2656 deletus,
1055 2575 1181 2660 jucun·

260 2693 321 2760 dus
347 2690 377 2756 ei
405 2691 507 2776 nugis
531 2689 596 2756 fuit
617 2705 750 2774 propter
773 2689 940 2758 doctrinae
964 2691 1175 2777 eiegsut'mm,

256 2811 353 2893 quam
370 2807 567 2894 iniucundus
585 2807 629 2910 ob
641 2807 774 2874 editoris
796 2808 993 2876 discensum.
1034 2804 1177 2874 Omnino

256 2931 370 2996 leniter
395 2927 515 2997 ferebrt
542 2927 792 3010 dissentientes,
814 2929 843 2995 si
863 2945 939 2996 cum
960 2947 1064 2995 renum
1079 2928 1183 2996 scien·

254 3051 298 3118 tia
313 3053 500 3118 modestiam
518 3051 688 3120 adferrent.
733 3051 809 3140 Quo
830 3053 996 3119 lubentius
1011 3065 1116 3136 psrres
1137 3053 1181 3120 sb

115 3187 128 3198 ·
254 3187 295 3236 eo
311 3169 390 3236 mibi
414 3172 536 3237 delatrs
563 3170 718 3255 suscepi,
740 3183 779 3238 ut
801 3169 1019 3240 Bibliothecae
1038 3170 1183 3239 Criticre

253 3285 335 3356 Vol.
349 3285 391 3356 ΙΙ.
413 3285 498 3356 Part.
522 3287 608 3370 111.,
630 3287 820 3356 sententium
847 3287 887 3354 de
909 3285 1022 3355 libello
1045 3287 1183 3356 diceens

252 3417 286 3471 et
300 3403 400 3470 libere
418 3399 684 3488 pionunciarem,
707 3403 778 3474 siue
793 3405 968 3473 secundum
985 3406 1121 3491 ipsum,
1140 3407 1184 3473 si·

253 3519 482 3586 sesecundum
508 3520 691 3588 Odericum.
740 3521 835 3588 Fecit
859 3535 891 3587 et
910 3523 1096 3606 ponderatis
1110 3540 1184 3589 om·

252 3633 351 3702 nibus
366 3633 518 3702 Veterum'
533 3637 615 3706 locis
631 3639 671 3706 sd
687 3654 869 3720 certumque
883 3617 1179 3718 interpretationem

252 3745 389 3826 essetis,
413 3749 597 3818 Ruhnkenii
627 3753 780 3820 sententis
810 3753 943 3822 Lenaea
975 3753 1084 3820 eedem
1111 3770 1183 3819 esse

250 3879 332 3947 quse
348 3861 576 3950 Authmtuis,
589 3870 789 3954 probabilior
810 3870 889 3938 mibi
907 3872 979 3948 vles
992 3886 1066 3954 est,
1082 3889 1179 3952 quem

653 3999 658 4006 ·
1090 3981 1174 4054 Ode·
