2418 4718
222 267 286 350 ³⁶⁴
403 255 657 337 remunero
679 279 729 331 ax
748 257 970 336 ammons

627 579 661 660 S·
705 595 736 662 3·

399 813 445 872 De
463 781 619 869 Basileentt'
636 808 778 870 Editione.
817 813 854 872 A.
876 827 958 890 1542.

263 1031 380 1110 Aldina
395 1034 510 1102 Editio
531 1051 641 1100 recusa
659 1048 709 1100 est
734 1025 893 1100 Basileaei
918 1035 1035 1119 Vitae,
1056 1054 1131 1104 anno

216 1176 320 1243 15332
353 1151 530 1231 Mortalia,
556 1166 657 1236 154nt
689 1149 761 1214 illae
793 1150 880 1231 apud
915 1169 1130 1219 nunnunu

214 1286 539 1340 cnnrnunnunr
560 1279 861 1352 etJorranuanr
894 1283 1130 1335 suuauruut

212 1389 294 1455 haec
312 1403 352 1452 ex
375 1381 498 1451 officina
518 1380 715 1449 Frobeniana
738 1399 795 1464 per
820 1385 1130 1450 urunouunrunr

215 1517 489 1569 renuentum
511 1510 808 1564 etntcotnunr
838 1483 1124 1567 autscortuu.

214 1615 402 1685 Morantur
422 1613 511 1680 nulia
534 1627 583 1680 est
605 1612 779 1694 praemissa
804 1615 856 1678 vel
878 1611 1058 1697 praefatio,
1077 1615 1126 1678 uei

215 1732 413 1813 admoniti03
436 1743 563 1795 utrum
581 1729 634 1796 his
652 1749 784 1814 quoque
809 1749 1009 1798 srntours
1040 1751 1134 1800 onu-
1188 1738 1194 1817 ff

215 1869 324 1920 ranst
345 1850 385 1916 ad
406 1865 622 1934 Jonuunru
644 1865 887 1916 ornatuum
915 1849 1135 1933 praefationem
1194 1843 1196 1918 ζ

216 1965 304 2034 Vitis
321 1963 514 2048 praefixam,
540 1963 775 2030 communicare
805 1966 951 2032 voluisse
972 1966 1135 2035 videantur
1197 2053 1198 2062 ἵ

213 2084 367 2152 editores.
411 2079 473 2146 Sed
499 2081 533 2146 in
559 2081 614 2146 iila
642 2100 845 2149 enarrant
873 2081 1071 2166 praefatione
1095 2083 1136 2151 nii
1197 2063 1198 2066 ¹

214 2215 263 2268 est
283 2199 372 2281 quod
387 2197 426 2262 ad
441 2189 649 2264 pronianum
675 2197 856 2280 pertineat,
879 2198 974 2282 cuius
1000 2202 1136 2267 adeone
1198 2173 1199 2184 ἵ

211 2333 327 2388 nomen
352 2313 480 2396 quidem
506 2327 720 2393 memoratur;
746 2326 781 2378 ut
799 2315 909 2398 eodem
926 2319 998 2400 jure
1016 2315 1134 2383 nullius

212 2455 279 2504 non
297 2431 472 2515 Scriptoris
498 2431 646 2497 Editioni
670 2428 832 2511 praemitti
850 2433 1029 2514 potuisset.
1073 2432 1133 2498 Ne·

211 2568 372 2637 queneto
395 2546 522 2613 aliunde
547 2543 723 2628 comperire
746 2543 863 2627 potui,
888 2545 963 2626 quis
982 2545 1060 2611 huic
1080 2545 1137 2611 edi.

90 2691 115 2718 s
212 2667 296 2736 tioni
316 2661 509 2752 praefuerit,
534 2659 661 2744 quibus¹
671 2659 777 2744 copiis
802 2658 984 2727 instructus
1010 2664 1053 2728 ad
1072 2679 1135 2728 eam

209 2787 387 2856 faciendam
407 2782 588 2849 accesserit.
635 2777 805 2868 Quidquid
823 2779 895 2863 ejus
910 2781 956 2846 rei
972 2783 1134 2867 cognovi,

212 2905 320 2986 ipsius
346 2899 487 2984 cognovi
507 2896 658 2966 editionis
684 2915 769 2977 usu,
792 2915 827 2964 ac
852 2909 957 2962 totum
983 2896 1051 2965 fere
1073 2900 1135 2964 huc

211 3017 314 3098 redit,
347 3029 383 3080 ut
406 3013 557 3082 affirmare
583 3013 708 3096 possim
735 3013 939 3098 corrigendae
956 3015 1136 3099 scripturae

185 3123 188 3128 ’
209 3130 409 3219 provinciana
428 3128 594 3210 diiigenter
612 3127 863 3196 administratam
882 3145 954 3196 esse
979 3132 1078 3215 idque
1095 3131 1134 3198 ab

210 3247 342 3315 homine
358 3244 445 3311 haud
465 3242 618 3310 indocto:
647 3244 878 3329 typographica
895 3245 1033 3312 Aldinae
1051 3263 1136 3312 men·

211 3363 272 3443 da,
294 3361 435 3444 exceptis
458 3359 688 3442 paucissimis,
710 3361 853 3428 sublata:
879 3363 1026 3446 puriora
1051 3379 1136 3430 vetn-

208 3497 242 3543 ra
260 3477 397 3556 menda,
421 3494 503 3558 quae
531 3473 658 3556 quidem
685 3473 783 3540 unius
803 3488 858 3541 aut
876 3493 1056 3558 paucorum
1079 3477 1134 3543 de·

210 3590 395 3678 pretatione
421 3589 590 3656 verborum
614 3601 821 3670 constarent,
843 3605 910 3655 non
929 3589 1043 3672 nulla,
1073 3607 1131 3658 nec

208 3709 308 3777 muita
328 3720 451 3786 tamen,
473 3721 636 3774 correctae
656 3706 785 3772 lacunas
805 3724 881 3772 vero
899 3709 1039 3791 expletas
1057 3708 1134 3774 nul·

204 3829 267 3894 lar.
311 3818 449 3900 Locus,
471 3821 592 3904 quibus
614 3821 695 3887 haec·
709 3819 866 3888 sententia
884 3837 995 3890 nostra
1012 3819 1134 3888 confir·

1065 3955 1131 4005 ne·
