2506 4712
267 285 332 368 748
435 278 571 348 vt‘rA
604 281 648 350 D.
687 281 1030 357 RUHNKENIIs

266 467 360 549 uine,
391 465 437 532 ita
458 465 500 532 ab
522 465 711 538 eruditionis
731 467 928 551 profusione
948 485 983 538 et
1005 477 1188 544 ostentatio·

264 603 327 667 ne,
349 583 509 651 cohiberi.
557 585 661 666 Erat,
684 585 742 666 qui
760 587 800 652 de
816 586 930 671 aliquo
946 605 1129 673 agamemn
1143 593 1186 659 li·

262 702 387 770 beilum
413 699 651 784 conscriberet,
674 701 707 768 in
731 720 872 786 eumque
892 703 1003 774 omnia
1024 725 1109 790 qnae
1132 709 1186 774 sci·

261 833 332 900 ret,
353 816 447 884 etiam
464 816 503 882 ab
519 829 708 898 argumento
721 815 841 899 aliena,
859 815 1059 904 effinderer,
1081 839 1119 886 ac
1133 841 1190 906 per

262 934 478 1022 &messiones
511 931 820 1015 interpositionesve
852 931 1028 1006 infercitet.
1092 938 1185 1006 Hunc

262 1050 422 1129 meabat,
438 1047 478 1112 ad
493 1047 678 1130 opinionem
698 1048 864 1115 hominum
886 1051 1084 1119 laudabilius
1100 1073 1192 1138 esse,

261 1164 383 1248 aliquid
401 1161 441 1238 ‚in
467 1162 597 1230 scriniis
624 1179 822 1245 cantasse,
856 1182 949 1246 qnam
977 1167 1085 1232 omnia
1114 1166 1193 1234 effu.

262 1281 371 1361 disse,
401 1279 529 1346 viderit
564 1296 600 1344 ac
626 1278 740 1362 potius
762 1279 889 1348 delectu
923 1278 1192 1350 existimationem

260 1393 473 1466 abundantiae
489 1407 520 1459 et
535 1392 652 1476 judicii
668 1393 848 1476 consequi,
872 1413 969 1476 quam
987 1393 1186 1478 profusione

260 1509 294 1578 in
311 1512 463 1596 penuriae
492 1531 528 1578 ac
552 1511 736 1578 temeritatis
752 1511 1026 1595 reprehensionem
1041 1511 1187 1580 mouns

258 1643 305 1700 re.
350 1625 447 1711 Ego,
470 1641 644 1710 postquam
661 1624 842 1708 Epistoitnt
864 1626 1043 1709 criticam,
1064 1645 1097 1695 et
1110 1629 1193 1696 Piu-

258 1741 406 1812 tarchum
432 1742 472 1808 de
503 1740 578 1808 Sera
603 1737 761 1812 Numinis
787 1739 964 1823 Vindicta,
994 1742 1192 1828 edidissem,

257 1875 360 1940 porro
387 1855 466 1923 alias
494 1855 787 1923 animadversiones
814 1873 899 1922 meas
925 1857 1080 1940 peculiari
1103 1859 1190 1928 libro

259 1973 348 2040 edere
370 1971 592 2057 adgrediebara
617 1970 674 2039 ilie
697 1972 785 2038 hunc
814 1969 970 2054 impetum
989 1973 1191 2056 reprimens,

258 2133 281 2170 „
301 2087 356 2156 Tu
372 2089 506 2172 potius,
528 2087 656 2172 inquit,
678 2086 819 2154 studium
850 2105 946 2156 omne
968 2101 1061 2158 tuum
1077 2087 1191 2159 confer

253 2207 297 2276 ad
320 2203 491 2272 editionem
518 2206 664 2273 omnium
688 2199 853 2272 Plutarchi
885 2223 1047 2289 operum
1077 2219 1188 2272 tantus

253 2320 308 2386 hic
329 2334 379 2386 est
395 2339 553 2404 campus,
577 2320 634 2388 ubi
650 2320 804 2387 omnibus
821 2321 908 2406 tuis,
922 2321 1018 2390 bonis
1037 2323 1186 2406 quidem,

252 2435 508 2504 correctionibus
525 2437 634 2511 iocum
662 2436 756 2514 des,”
799 2441 866 2521 At,
891 2439 1046 2522 inquam,
1067 2439 1185 2514 interca

252 2551 305 2624 alii
322 2567 442 2636 partem
468 2569 574 2622 urunt
601 2554 833 2638 occupabunt,
855 2554 999 2638 mihique
1020 2555 1182 2622 inventio·

252 2671 305 2744 nis
327 2671 398 2742 laus
415 2667 547 2753 peribit.
582 2667 669 2736 Tum
689 2669 768 2750 iile,
786 2665 983 2758 „Pauperis
1006 2682 1047 2736 rst
1065 2689 1172 2736 mnus·

253 2796 334 2860 ra'rr
345 2803 443 2878 pecus
463 2790 563 2874 (88);
588 2785 715 2884 tuacibi
732 2805 857 2870 semper
878 2788 1054 2862 manebunt
1068 2786 1177 2856 inten-

178 2909 179 2912 ’
251 2921 302 2974 taa
327 2921 360 2973 et
380 2904 408 2971 si
423 2903 509 2970 forte
526 2903 612 2972 alius
629 2921 728 2970 unum
752 2903 929 2970 alterumve
947 2903 1178 2987 praeripuerit,

251 3019 340 3100 hoc,
362 3033 476 3102 postea
495 3031 554 3086 tuo
570 3021 745 3100 tempores
761 3030 792 3083 te
804 3015 944 3098 editum,
969 3015 1045 3098 ipso
1060 3011 1136 3080 loco
1150 3024 1180 3078 et

249 3131 364 3204 habitu
383 3149 416 3199 te
429 3135 628 3201 inventorem
646 3121 852 3200 testabitur?
895 3133 948 3198 De
963 3132 1024 3198 hac
1039 3132 1110 3217 ejus
1127 3129 1178 3196 ad·

248 3251 428 3320 monitione
454 3251 545 3334 plura
570 3250 636 3318 dixi
661 3269 763 3338 nuper
788 3250 820 3316 in
844 3237 1175 3318 Animadv'ersionum

246 3365 503 3442 Plutarchearuqt
527 3365 748 3451 praefatione,
771 3383 865 3448 quarn
892 3366 992 3460 paulo
1015 3379 1092 3430 anto
1109 3362 1177 3429 obi·

246 3493 316 3545 tum
335 3500 401 3548 non
420 3481 489 3546 sine
505 3483 673 3570 voluptate
689 3480 777 3566 legit.
815 3479 893 3545 Erat
908 3477 1106 3559 aliquando,
1120 3475 1176 3558 qui

246 3597 286 3672 dr
302 3611 489 3684 argumento
518 3595 676 3665 historico
703 3597 860 3686 scriptum
887 3593 1051 3692 quoddam
1079 3609 1171 3670 suum

1143 3705 1170 3784 ti

279 3879 371 3966 (ta)
391 3886 479 3948 oua
499 3885 686 3960 nee-xm,
704 3887 768 3964 no.
829 3941 832 3948 .
