2438 4718
258 349 335 434 ato
431 341 687 414 PRAEFATIO
716 365 765 414 rx
794 345 1016 422 suintune

223 531 229 542 ‘
303 532 496 618 Exemplum
514 543 708 613 contextus,
734 534 823 615 quod
836 539 1057 621 typographus
1073 542 1103 610 ln
1118 562 1170 610 no·

257 661 325 716 stra
340 648 495 717 Editionc
512 661 699 728 sequeretur
713 663 745 714 et
768 649 979 736 exprimeret,
1005 655 1048 722 ita
1064 657 1169 726 instru-

258 765 292 834 xi
307 779 338 830 et
352 763 517 832 adornavi.
549 763 659 829 Sumsi
674 769 855 850 exemplum
873 767 1038 839 Editionis
1050 773 1172 842 Graeco·

258 883 394 951 barinae
411 895 611 964 postremae,
627 881 702 950 anni
719 886 826 967 1624;
843 885 967 969 quippe
984 892 1073 971 quod
1089 891 1170 962 simul

259 1012 292 1068 et
309 1015 546 1066 xrnnuunt
569 995 720 1064 Latinam
736 997 955 1083 Versionem,
978 1018 1010 1069 et
1026 1003 1169 1090 Graecum

259 1127 446 1182 contextum
476 1111 729 1195 Stephanianum
760 1112 970 1196 paucioribus
997 1122 1171 1201 quamduae

259 1230 384 1316 priores
395 1227 675 1296 Graeco-Latinae
687 1228 810 1296 mendis
825 1231 1067 1316 typographicis
1078 1234 1173 1316 inqui·

262 1358 373 1412 natum
390 1345 582 1412 continerer.
614 1343 863 1428 Stephanianum
880 1359 979 1410 autem
994 1361 1174 1416 contextum

259 1464 359 1534 malui
384 1481 479 1545 quam
501 1464 626 1544 alium,
651 1463 740 1544 quod
767 1459 794 1525 is
814 1463 1004 1530 emendatior
1019 1477 1119 1542 esset,
1142 1477 1173 1530 et

259 1582 288 1653 si
306 1581 429 1665 quidsi
446 1579 640 1646 sinceritatis
653 1593 684 1644 et
698 1577 903 1645 auctoritatis
919 1579 1093 1662 deesset‚id
1104 1599 1170 1651 non

261 1713 386 1766 tantum
412 1711 496 1762 esset
529 1710 567 1760 ut
584 1693 704 1778 corrigi
719 1693 814 1760 facile
832 1693 993 1776 nequiret.
1035 1695 1101 1762 Hoc
1116 1696 1175 1781 igi.

260 1827 315 1879 tur
331 1813 510 1896 exemplum
527 1827 602 1878 aute
619 1809 725 1877 omuit
741 1811 915 1894 expurgari
926 1811 1119 1898 corrigendis
1133 1815 1175 1880 di.

258 1931 395 2016 ligenter
418 1929 598 2010 seduloque
623 1926 867 2010 typographicis
886 1930 1031 1998 mendis:
1056 1948 1175 2012 eamque

149 2123 151 2130 ,
260 2065 410 2130 operam,
441 2043 642 2121 secundum,
666 2039 819 2121 tertium,
840 2057 993 2122 quartum
1014 2057 1046 2108 et
1066 2045 1172 2127 pluries

257 2153 405 2246 repetivi.
458 2161 570 2241 Itaque
597 2157 669 2224 cavi
694 2176 735 2224 ne
767 2157 849 2224 idem
878 2177 1008 2227 nostrae
1033 2163 1174 2229 accideret

258 2273 430 2354 Editioni‚
454 2273 542 2355 quod
558 2271 739 2356 Bryaneae;
763 2273 858 2360 cujus
876 2279 1054 2357 permultae
1069 2278 1173 2346 ania.

259 2389 464 2457 adversiones
484 2403 723 2455 consumuntur
741 2393 907 2464 notatione
926 2397 1112 2466 mendontm
1133 2415 1174 2482 ty·

259 2505 531 2590 pogtaplricorum
549 2525 566 2572 e
582 2505 857 2576 Graeco-Latina
874 2511 1095 2593 repetiturum.
1121 2517 1174 2584 Er·

260 2640 303 2706 go
315 2620 529 2706 expurgandis
541 2621 615 2688 istis
630 2621 754 2689 mendis
765 2643 803 2690 ex
816 2623 1003 2694 Moralium
1016 2635 1173 2716 exemplo,

258 2740 354 2808 simui
369 2738 653 2806 animadvertebam
669 2741 761 2808 locos
778 2741 834 2808 ubi
851 2741 1115 2817 Graeco-Latina
1132 2759 1176 2810 te-

260 2873 344 2922 mere
362 2873 379 2922 a
395 2853 609 2936 Stephaniaua
627 2861 825 2930 recessisset.
864 2857 933 2944 er
945 2867 1117 2948 exemplum
1132 2863 1175 2935 ita

257 2985 475 3054 praeparatum
503 2971 626 3054 perrexi
646 2973 802 3041 iustruere
818 2995 877 3058 ea,
900 2996 996 3060 quam
1015 2981 1104 3062 diri,
1132 3000 1174 3046 ra·
1201 3069 1202 3074 ἵ

253 3087 370 3167 ¹tionc;
394 3100 431 3151 ut
452 3085 581 3152 referret
606 3078 699 3170 quasi
727 3109 848 3174 corpus
876 3094 1050 3176 Aldinum,
1082 3095 1175 3180 idque

257 3205 446 3284 suppletum
465 3216 496 3268 et
511 3206 707 3270 emendatum
726 3207 914 3278 melioribus
931 3211 1127 3281 lectionibus
1142 3213 1174 3279 ti·

258 3312 390 3381 brorum
408 3336 481 3383 cum
497 3319 654 3384 editorum
675 3333 746 3386 tum
774 3343 850 3389 vero
868 3325 901 3390 in
918 3331 1032 3410 primis
1046 3331 1173 3416 scripto·

257 3447 342 3498 rum.
387 3433 540 3500 Ordinem
568 3433 725 3502 librorum
756 3439 1009 3524 Stephanianum
1032 3450 1170 3528 servavi,

256 3562 325 3614 nun
344 3562 381 3614 ut
405 3549 524 3615 bonurn
545 3553 601 3616 sed
620 3565 655 3616 ut
676 3553 801 3628 Aldino
830 3557 914 3626 haud
939 3563 1125 3632 deteriorem
1146 3577 1172 3630 et

255 3667 476 3747 exemplorum
494 3667 726 3752 frequentiore
744 3680 898 3759 temporis
917 3679 1127 3753 diuturnitate
1139 3679 1173 3748 ad

254 3781 429 3864 legentium
450 3803 544 3852 usum
562 3791 836 3864 accommodatum
859 3810 892 3862 et
910 3801 1170 3870 commendatum.

253 3895 362 3970 Facile
377 3915 454 3968 sane
469 3919 535 3974 erat
549 3921 672 3980 novum
689 3905 840 3983 inducere
855 3911 998 3986 ordinem
1012 3915 1114 4002 magis
1126 3929 1175 3974 ers

260 4043 265 4054 '
1073 4039 1174 4104 ectum
