2388 4714
89 311 330 388 romonem
349 305 617 382 monstrum.
639 309 759 387 voit
810 328 877 402 atr

22 505 186 572 inriorem.
227 471 485 586 Quadriennium
513 496 593 565 mihi
616 495 722 564 fuerat
738 497 872 568 liberum
904 533 909 544 ·

22 623 166 707 tiategrun
182 617 219 686 ab
246 617 342 684 omni
358 615 536 683 necessario
563 612 718 700 negotio,
739 630 874 696 sequena

22 758 73 806 rme
85 755 194 820 tmpus
208 736 273 804 iuit
296 749 491 819 occupatum
513 733 772 814 distractumque
792 749 877 814 quo·
908 729 920 779 ί
1020 773 1024 780 -

22 849 227 922 mononem
255 849 381 918 labore.
426 848 556 914 Tertius
578 865 667 914 error
691 843 878 914 versabatur

22 961 84 1046 uro,
98 964 172 1046 quod
185 980 255 1030 non
270 961 475 1028 attendebam
495 961 536 1026 ad
550 959 703 1026 rationem
718 960 875 1043 colligen-

22 1079 206 1162 iiappantus,
239 1077 384 1163 quaein
411 1076 633 1144 universorum
658 1094 790 1160 opetum
811 1073 879 1142 edi·

22 1191 79 1260 ione
100 1193 214 1264 uiuitis
247 1193 405 1279 partibus
433 1189 593 1258 difficilior
625 1202 657 1258 et
686 1190 880 1258 laboriosior

22 1309 88 1376 iutra
96 1327 147 1378 crat
159 1329 255 1393 quam
274 1309 313 1377 in
331 1307 472 1377 editione
489 1305 616 1390 parvuli
632 1303 746 1372 libelii.
779 1277 879 1392 Quod
906 1313 927 1388 ᾗ

22 1429 300 1512 torquentemque
324 1423 394 1507 sit,
414 1435 528 1507 operae
549 1420 687 1507 pretium
714 1430 765 1490 eat
785 1437 883 1504 expo·
927 1409 930 1416 ’

22 1557 68 1614 tut.

42 1655 91 1722 iiuo
112 1672 180 1726 sont
200 1659 282 1726 boni
307 1657 441 1726 editoris
473 1654 599 1738 officia,
628 1652 824 1726 Emendatio
853 1665 885 1724 et

22 1768 215 1862 iterpretatioc
248 1777 318 1842 duo
345 1774 418 1840 item
448 1773 619 1852 utriusque
649 1770 729 1836 bene
756 1769 885 1854 gerendi
978 1777 981 1786 ’

22 1885 78 1953 titii
95 1894 319 1974 instrumenta,
341 1891 559 1979 comparato,
577 1901 720 1958 totorum
741 1887 885 1954 codicum

22 2004 193 2075 tiitctriooc
215 2013 338 2098 copia:
359 2007 414 2072 illa
436 2008 476 2073 ad
498 2005 764 2075 Emendationrro
790 2004 888 2072 refer·

22 2131 66 2184 tot:
81 2121 140 2190 hauc
160 2127 198 2191 ad
226 2123 561 2212 Interpromium,
593 2125 638 2190 ita
664 2122 815 2206 quidem,
848 2138 886 2193 ut
988 2185 994 2192 .

22 2228 68 2312 ipsa
88 2253 191 2320 qnoque
210 2257 358 2324 magnam
382 2237 627 2306 Emendationis
651 2253 771 2322 partem
788 2257 887 2308 com-

23 2347 143 2430 plectatur.
176 2356 259 2422 Nam
286 2373 362 2434 cum
385 2356 456 2439 ipsa
477 2375 534 2439 per
557 2374 594 2424 ae
620 2355 766 2426 doctrina
787 2373 883 2444 saepe

25 2468 191 2538 onoiomn
215 2473 406 2539 mendorum
426 2472 530 2556 parit,
553 2487 622 2540 tum
643 2487 693 2542 est
712 2475 815 2542 eadem
828 2479 885 2564 ju,

29 2577 63 2644 iu
74 2601 100 2648 ac
111 2587 305 2672 disceptatrix
323 2590 497 2658 lectionum
517 2609 534 2657 e
549 2591 718 2662 codicibus
735 2596 885 2680 deprom-

30 2707 109 2782 orum,
126 2723 247 2788 quamn
264 2707 444 2790 nuliusest
460 2725 566 2789 usus,
586 2708 651 2776 nisi
666 2728 718 2777 eas
739 2710 887 2784 doctrina
1010 2683 1016 2692 .

32 2809 173 2892 diiudicatae
192 2827 323 2910 probet.
362 2825 455 2912 Jam,
476 2827 506 2893 si
523 2845 633 2894 verum
653 2830 828 2912 volumus,
851 2827 887 2896 in

35 2921 86 2994 buo
97 2933 242 3022 interprete
258 2955 348 3010 tanta
366 2933 471 3010 inesse
485 2941 601 3023 dabat,
623 2956 764 3010 autnon
782 2945 887 3012 multo

34 3041 114 3132 nitor,
129 3055 288 3141 doctrina,
318 3071 437 3141 quanta
453 3060 536 3125 inest
558 3057 593 3124 in
618 3057 780 3126 Auctore:
804 3057 889 3130 certe

37 3158 120 3231 ²ituu
136 3175 279 3258 modum,
302 3188 339 3240 ut
357 3177 449 3243 locos
475 3175 633 3242 obscuros
651 3175 692 3242 ad
712 3174 889 3259 legentium

39 3267 174 3355 italiorum
191 3291 352 3360 illustrare
374 3291 492 3376 possit.
537 3289 611 3356 Hoo
635 3289 774 3356 officiunt
794 3307 892 3372 appa·

37 3401 75 3448 ¹⁰1
92 3409 150 3472 quan
173 3409 232 3474 late
260 3421 367 3492 pateat
390 3408 429 3474 ad
454 3404 743 3490 interpretationem
770 3405 895 3472 Plutar-

40 3495 95 3580 chi,
109 3505 189 3597 uquo
203 3520 328 3590 infinita
346 3535 395 3588 est
413 3519 575 3594 doctrinae
590 3532 622 3586 et
635 3519 732 3603 copia
747 3531 778 3586 et
795 3517 896 3588 varie·

40 3621 82 3678 m·
116 3617 222 3703 Velina
237 3638 315 3704 haec
331 3653 382 3702 me
396 3633 551 3718 cogitatio
569 3630 701 3704 reuehat
723 3632 897 3712 absterrere
930 3715 933 3720 ,

40 3739 223 3824 *torinicum
244 3755 314 3839 ejus
339 3751 490 3824 editione.
539 3750 786 3826 Bucuanus
815 3773 894 3828 us·

43 3862 207 3947 ²¹Utcua
242 3893 319 3964 post
351 3893 588 3960 saturnu.
615 3871 740 3962 Gallici
775 3890 898 3962 vestii*

473 3990 541 4094 Sa
822 3989 901 4068 itu·
1021 4099 1024 4110 Ι
