2348 4716
98 289 257 370 tunuli
278 281 575 358 PROCREATR.
596 279 658 350 ET
677 277 780 348 PAR·
829 287 901 360 151-

35 487 213 564 u'rulustoqut
230 493 380 562 corpore
397 472 469 542 vire
490 448 587 538 hune
606 468 635 534 si
652 463 744 534 irrui
766 475 898 529 enerva-

35 605 88 686 iqu
103 597 220 683 torporis
246 597 357 662 homo
390 589 560 659 imitarier
593 581 723 663 assequi
746 577 893 660 studeat,

39 719 119 800 inipso
135 728 241 780 conatu
270 709 426 786 deficiat,
454 719 486 769 et
512 702 614 768 risum
646 693 795 782 praebeat
818 677 892 774 spe-

42 831 151 896 rantibus
180 827 227 892 lta
239 841 356 920 ,parva
374 817 572 898 humilisque
588 831 679 880 mens
696 829 763 876 eam
783 803 900 872 oratio·

49 949 84 1016 uis
96 948 294 1026 nubilitatem,
321 942 476 1022 adquam
497 934 660 1002 heroicum
687 927 835 1012 adsurgit
852 923 903 990 in.

55 1067 168 1146 primur
183 1060 352 1144 intelligat
370 1056 498 1138 quidem
509 1061 523 1132 ,’
534 1043 649 1118 nedum
668 1055 901 1126 consequatur.

56 1181 221 1263 dupundiu
241 1171 483 1257 Eloquentiam
501 1169 536 1236 in
554 1165 661 1234 verbis
680 1161 818 1246 positam
839 1171 904 1242 pu·

56 1295 140 1376 ninus,
156 1293 314 1379 quamdiu
331 1307 406 1355 cunr
433 1284 540 1352 verbis
564 1283 716 1348 Veterum
744 1295 811 1342 non
829 1293 906 1355 ean·

49 1411 156 1494 duaque
168 1411 212 1475 illi
232 1409 304 1474 uim
324 1401 584 1488 adjunxerimus,
596 1394 823 1479 quandlunos
841 1389 906 1472 ipsi

46 1525 147 1610 sulpur
165 1525 325 1592 Veterum
354 1517 537 1601 disciplinis
568 1515 607 1582 ad
641 1513 723 1578 hanc
751 1507 906 1592 orationis

43 1657 185 1724 muunqu
198 1637 459 1725 magnitudinem
473 1625 810 1710 conformaverimus;
827 1641 909 1704 tam·
928 1709 932 1718 ι

47 1757 138 1824 liunus
150 1757 201 1824 erit
215 1773 321 1841 opera
337 1767 473 1830 nostra,
491 1748 596 1814 inanis
613 1743 792 1830 diligentia.
820 1743 908 1826 Ape-

47 1869 126 1936 iuna
143 1887 184 1938 est
198 1865 440 1950 Philosophiae
457 1861 558 1943 sous,
577 1878 617 1926 ex
635 1877 705 1942 quo
730 1858 824 1926 unice
849 1859 912 1926 Ve-

45 1999 92 2050 tere
108 1988 205 2056 desidi
228 1989 304 2054 vim
337 1983 536 2048 hauseruntt
566 1995 605 2046 ex
635 1979 746 2044 eodem
778 1991 810 2046 et
847 1993 910 2046 nor

45 2115 123 2168 uentu
135 2119 247 2172 nosuaa
281 2119 361 2168 cunr
388 2117 480 2164 uerae
509 2096 740 2182 pulcritudinis
770 2094 929 2164 seientia·
1022 2073 1026 2082 ’

46 2219 175 2304 rnlonus,
203 2240 278 2290 tum
311 2219 486 2285 adrerum
521 2217 717 2302 excelsarum
750 2214 908 2282 rationein

45 2333 185 2420 ‘liliumque
201 2353 378 2405 acuamus.

67 2445 217 2520 Sdaudus
235 2455 362 2533 etiam,
385 2447 493 2536 iudice
518 2447 716 2532 Aristotele,
738 2467 812 2518 cum
829 2449 906 2520 Plri-

43 2563 140 2647 inula
157 2571 322 2636 uinculum
349 2583 399 2635 est
430 2567 569 2633 Poeaus
591 2584 687 2649 quam
715 2565 822 2651 ipsius
846 2569 910 2640 lli-

44 2680 128 2750 ltotue.
161 2683 243 2752 Haec
266 2684 392 2768 quippe
414 2683 447 2751 in
471 2680 568 2749 factis
587 2698 618 2749 et
641 2683 738 2752 rebus
763 2685 910 2770 singula·
994 2709 997 2712 ·

45 2795 101 2864 ulus
118 2817 267 2870 ιιιιιιιιιι
291 2801 347 2892 illa
375 2800 409 2866 in
434 2799 698 2881 uniuersalibus,
719 2820 838 2884 easque
862 2779 936 2868 re·¹

46 2915 152 2982 und
172 2933 345 3000 corporeus
369 2913 544 2998 imagines,
573 2929 607 2982 et
638 2915 791 2982 sensibus
819 2920 916 2998 quael

47 3025 144 3112 subiicit,
179 3033 257 3120 Quo
282 3033 386 3118 magis
406 3033 630 3100 elaborandum
649 3050 699 3100 est
719 3036 852 3117 Poetae,
877 3050 915 3104 ut

47 3139 135 3224 ᾰίιιιιιι
154 3167 184 3216 se
204 3149 434 3232 Plrilusuphiae
462 3165 600 3232 praestet
626 3152 816 3233 alumnum,
838 3169 914 3222 cum

51 3259 165 3331 niuea
183 3268 332 3352 iugenio,
356 3281 424 3332 tum
452 3265 582 3346 auimo,
605 3265 670 3333 fine
692 3284 790 3356 atque
808 3245 918 3336 consi-

56 3369 92 3438 liu
117 3378 236 3452 lictoris
264 3382 382 3469 egregii
415 3381 540 3450 laudem
569 3383 655 3450 haud
684 3386 829 3468 equidem
860 3388 920 3455 tri.
997 3395 999 3402 ’

60 3483 119 3556 bun
140 3497 382 3584 Chaereplrani‚
418 3497 476 3580 qui
509 3497 660 3566 lasciviae
684 3471 928 3584 libidinumque¹

59 3599 190 3686 ifflll'lliuus
216 3616 371 3684 delectare
400 3631 451 3680 me
477 3613 574 3681 velit:
625 3615 781 3682 Panaeum
808 3618 923 3702 potius

59 3719 219 3816 illelmus,
240 3732 297 3817 qui
322 3729 559 3800 Marathoniam
586 3729 684 3801 nobis
707 3753 847 3822 pugnarn
868 3751 923 3801 os·

497 3847 525 3918 ll
546 3867 569 3935 q
856 3859 927 3913 ten·
