2562 4708
252 305 317 376 ns
371 233 666 394 ”amaranto
686 293 845 366 nanrrs
864 293 1033 371 monna

253 481 481 566 notissimaque
504 477 655 548 Veterum
679 479 838 564 lectione,
870 497 902 549 et
922 483 1192 559 Animadversio·

252 621 313 674 nes
328 598 486 686 plurimae
501 599 595 682 plane
609 597 776 683 egregiae,
797 615 829 664 et
845 613 896 667 est
915 599 1188 688 Theophrasteua

251 719 483 788 characterum
511 716 641 784 libellus
664 731 781 786 auctus
800 735 818 782 a
840 715 890 782 Te
909 737 945 784 ac
973 719 1107 788 mirilice
1130 739 1191 792 ex.

252 831 399 920 politusr
427 831 485 915 qui
508 831 610 898 studii
638 831 686 896 tui
715 829 843 900 fructus
862 851 903 900 ns
921 836 1111 906 intercidant
1127 837 1186 904 Τιι

251 952 462 1042 providebis,
484 952 513 1018 si
532 949 614 1033 quid
631 951 715 1034 apud
732 949 783 1017 Te
803 953 857 1018 vel
872 951 1070 1024 Litterarum
1091 975 1183 1026 com·

253 1073 386 1141 modum
403 1070 456 1136 vel
473 1084 603 1136 nostrae
627 1085 738 1152 preces
754 1069 875 1140 valent.
920 1069 982 1138 Sed
1000 1073 1112 1156 prouti
1132 1075 1188 1143 ille

253 1185 484 1277 philosophiae
520 1203 637 1269 parens
677 1183 826 1252 Socrates
866 1185 996 1272 ingenio
1033 1191 1186 1270 quamvis

253 1305 411 1372 acerrimo
428 1304 477 1370 nil
494 1301 563 1389 ipse
582 1299 746 1382 pariebat,
769 1303 826 1367 sed
847 1303 984 1370 aliorum
1005 1306 1189 1387 parturien-

252 1421 345 1490 tibus
362 1417 501 1504 ingenlis
517 1417 703 1484 obstetricis
724 1417 866 1485 officium
889 1419 1043 1487 adhibens
1068 1441 1186 1492 eorum

251 1541 366 1609 metus
388 1535 606 1624 dijudicabat,
634 1539 845 1622 jucundaque
869 1540 924 1607 illl
949 1541 1068 1610 ironiae
1091 1542 1188 1613 festi·

253 1659 354 1726 vitate
385 1655 664 1742 reprehensionem
691 1668 869 1740 temperans
893 1639 1052 1742 plurimos
1078 1681 1190 1730 errore

252 1786 287 1840 et
306 1770 474 1856 opinionis
493 1769 638 1836 vanitate
661 1769 839 1854 liberabat,
867 1783 900 1838 et
920 1771 955 1838 in
972 1785 1089 1843 rectam
1118 1778 1191 1847 veri

252 1889 399 1971 bonique
425 1886 510 1953 viam
528 1887 718 1958 revocabere
741 1887 786 1955 ita
807 1887 884 1971 Tu,
906 1889 1185 1963 Praestantissima

252 2003 428 2084 Fonteini‚
459 2017 492 2068 et
520 2001 666 2070 studium
695 2002 935 2074 tenacissimum
964 2021 996 2074 et
1021 2008 1187 2096 ingenium

252 2119 471 2188 cultissimum
490 2117 524 2184 in
543 2119 679 2204 legendo
695 2134 726 2186 et
741 2121 944 2209 judicando,
962 2143 1031 2194 non
1048 2125 1082 2194 in
1105 2130 1191 2198 scri.

253 2235 384 2318 beardo,
405 2235 570 2316 collocat,
591 2249 624 2302 et
649 2235 737 2303 illam
758 2237 873 2322 ludicii
901 2241 1100 2309 severitatem
1125 2245 1188 2310 hu·

252 2351 404 2420 munitate
424 2367 604 2434 temperans
633 2351 786 2452 piurimis
809 2367 995 2422 nostrorum
1015 2356 1187 2425 hominum

254 2481 287 2538 et
304 2467 461 2554 profuisti
488 2484 520 2534 et
543 2469 680 2551 prodest
705 2489 845 2552 quorum
870 2489 966 2537 mmo
989 2487 1060 2552 est,
1083 2473 1187 2553 paulo

253 2586 386 2668 quidem
411 2565 661 2668 prudentiores
687 2585 888 2669 modestior,
920 2587 1000 2668 quin
1022 2585 1186 2669 scriptum

252 2702 423 2784 editurus,
455 2700 525 2767 sive
550 2699 631 2766 illud
660 2701 700 2768 ad
717 2702 881 2786 Antiquos
907 2703 976 2768 sive
1000 2704 1041 2770 ad
1059 2703 1186 2771 Patrius

182 2881 187 2892 ,
252 2817 419 2902 Litteras,
444 2818 514 2885 sisa
540 2818 582 2884 ad
599 2819 740 2884 solutam
764 2818 833 2886 sive
857 2819 898 2886 ad
917 2820 1045 2904 ligatam
1073 2819 1190 2886 referc-

253 2947 312 3002 tur
330 2937 532 3004 orationemr
558 2953 655 3003 nemo
670 2936 771 3020 igitur
787 2951 858 3018 est,
880 2937 960 3018 quin
983 2953 1073 3002 tuum
1094 2953 1190 3019 expe·

250 3061 300 3116 tat
323 3049 504 3134 judicium,
525 3067 557 3118 et
583 3067 658 3115 eum
687 3049 815 3116 accedat
835 3051 874 3116 ad
899 3049 949 3116 Te
976 3065 1013 3113 ut
1037 3051 1076 3114 ad
1097 3050 1189 3134 judi·

252 3177 346 3248 cent,¹
379 3181 397 3230 a
422 3185 491 3250 quo
510 3179 573 3230 tam
599 3165 644 3232 sit
665 3164 795 3248 probari
821 3161 1058 3244 honorificum,
1088 3178 1188 3244 quam

252 3283 442 3366 reprehendi
458 3286 620 3365 salutare,
643 3297 714 3350 turn
735 3281 877 3350 discedat
892 3299 911 3346 a
929 3277 999 3358 Te,
1021 3291 1061 3344 ut
1077 3297 1114 3345 se
1130 3283 1189 3350 tud

168 3449 172 3456 .
252 3399 478 3466 admonitione
495 3399 673 3466 doctiorem
693 3400 922 3480 melioremque
938 3395 1099 3466 discedere
1113 3415 1190 3466 sen·

249 3514 324 3582 tiat.
380 3515 490 3603 Quare
514 3529 592 3597 tua,
624 3516 907 3588 Praestantissimo
926 3515 1099 3598 Fonrelni,
1120 3519 1187 3602 jam

216 3685 219 3690 .
251 3632 453 3717 octogenarii
477 3645 628 3700 senectus
655 3631 776 3698 catilla
807 3631 936 3712 quidem
955 3630 1109 3697 omnibus
1131 3632 1190 3698 ud·

247 3733 439 3832 mirationi,
470 3765 504 3815 er
522 3751 596 3834 jure
617 3748 710 3816 beata
729 3747 954 3833 praedicatur,
981 3765 1024 3814 ut
1048 3765 1189 3831 corpore

246 3865 426 3950 ammonite
442 3863 577 3952 vigeas.
600 3881 729 3934 morum
747 3861 907 3936 facilitate
931 3881 1107 3946 coamens,
1124 3864 1190 3930 do·

238 3989 247 4012 ⁸
1105 3981 1191 4054 effi·
