<?xml version="1.0" encoding="UTF-8"?>
<!DOCTYPE html PUBLIC "-//W3C//DTD XHTML 1.0 Transitional//EN"
    "http://www.w3.org/TR/xhtml1/DTD/xhtml1-transitional.dtd">
<html xmlns="http://www.w3.org/1999/xhtml" xml:lang="en" lang="en">
 <head>
  <title>
</title>
<meta http-equiv="Content-Type" content="text/html;charset=utf-8" />
  <meta name='ocr-system' content='tesseract 3.04.00' />
  <meta name='ocr-capabilities' content='ocr_page ocr_carea ocr_par ocr_line ocrx_word'/>
</head>
<body>
  <div class='ocr_page' id='page_1' title='image "./opusculavariiar01wyttgoog_0097.png"; bbox 0 0 2572 4710; ppageno 0'>
   <div class='ocr_carea' id='block_1_1' title="bbox 264 303 1163 406">
    <p class='ocr_par' dir='ltr' id='par_1_1' title="bbox 264 303 1163 406">
     <span class='ocr_line' id='line_1_1' title="bbox 264 303 1163 406; baseline -0.024 -18"><span class='ocrx_word' id='word_1_1' title='bbox 264 318 318 406; x_wconf 67' lang='grc'>14·</span> <span class='ocrx_word' id='word_1_2' title='bbox 393 305 649 386; x_wconf 80' lang='lat' dir='ltr'>PRAEFATIO</span> <span class='ocrx_word' id='word_1_3' title='bbox 669 315 717 374; x_wconf 75' lang='lat' dir='ltr'>cle</span> <span class='ocrx_word' id='word_1_4' title='bbox 737 305 858 380; x_wconf 70' lang='lat' dir='ltr'>eote.</span> <span class='ocrx_word' id='word_1_5' title='bbox 880 303 1066 380; x_wconf 81' lang='lat' dir='ltr'>LIBELLI</span> <span class='ocrx_word' id='word_1_6' title='bbox 1159 348 1163 366; x_wconf 90' lang='lat'>.</span> 
     </span>
    </p>
   </div>
   <div class='ocr_carea' id='block_1_2' title="bbox 219 463 1207 830">
    <p class='ocr_par' dir='ltr' id='par_1_2' title="bbox 219 463 1207 830">
     <span class='ocr_line' id='line_1_2' title="bbox 268 463 1207 582; baseline -0.013 -8"><span class='ocrx_word' id='word_1_7' title='bbox 268 504 317 574; x_wconf 86' lang='lat' dir='ltr'>lea</span> <span class='ocrx_word' id='word_1_8' title='bbox 340 502 466 570; x_wconf 74' lang='lat' dir='ltr'><strong>litteras</strong></span> <span class='ocrx_word' id='word_1_9' title='bbox 481 515 596 582; x_wconf 81' lang='lat' dir='ltr'>magna</span> <span class='ocrx_word' id='word_1_10' title='bbox 623 498 716 565; x_wconf 88' lang='lat' dir='ltr'>laude</span> <span class='ocrx_word' id='word_1_11' title='bbox 732 507 764 562; x_wconf 89' lang='lat' dir='ltr'>et</span> <span class='ocrx_word' id='word_1_12' title='bbox 785 493 905 562; x_wconf 84' lang='lat' dir='ltr'>docens</span> <span class='ocrx_word' id='word_1_13' title='bbox 922 463 954 560; x_wconf 72' lang='lat' dir='ltr'>et</span> <span class='ocrx_word' id='word_1_14' title='bbox 971 493 1105 580; x_wconf 76' lang='lat' dir='ltr'>scriptis</span> <span class='ocrx_word' id='word_1_15' title='bbox 1120 495 1207 564; x_wconf 59' lang='lat' dir='ltr'>llius</span> 
     </span>
     <span class='ocr_line' id='line_1_3' title="bbox 271 611 1205 700; baseline -0.007 -14"><span class='ocrx_word' id='word_1_16' title='bbox 271 631 400 688; x_wconf 81' lang='lat' dir='ltr'>suanae</span> <span class='ocrx_word' id='word_1_17' title='bbox 426 617 455 683; x_wconf 90' lang='lat' dir='ltr'>is</span> <span class='ocrx_word' id='word_1_18' title='bbox 480 613 582 700; x_wconf 81' lang='lat' dir='ltr'>igitur</span> <span class='ocrx_word' id='word_1_19' title='bbox 608 611 858 680; x_wconf 83' lang='lat' dir='ltr'>curn-cultiores</span> <span class='ocrx_word' id='word_1_20' title='bbox 874 611 1023 696; x_wconf 85' lang='lat' dir='ltr'>Europae</span> <span class='ocrx_word' id='word_1_21' title='bbox 1049 614 1205 682; x_wconf 79' lang='lat' dir='ltr'>lustraret</span> 
     </span>
     <span class='ocr_line' id='line_1_4' title="bbox 219 725 1207 830; baseline -0.01 -28"><span class='ocrx_word' id='word_1_22' title='bbox 219 741 224 756; x_wconf 87' lang='lat'>&#39;</span> <span class='ocrx_word' id='word_1_23' title='bbox 268 734 445 819; x_wconf 55' lang='lat' dir='ltr'>women,</span> <span class='ocrx_word' id='word_1_24' title='bbox 466 743 570 798; x_wconf 87' lang='lat' dir='ltr'>meum</span> <span class='ocrx_word' id='word_1_25' title='bbox 599 745 736 810; x_wconf 84' lang='lat' dir='ltr'>quoque</span> <span class='ocrx_word' id='word_1_26' title='bbox 756 725 903 830; x_wconf 74' lang='lat' dir='ltr'>studium</span> <span class='ocrx_word' id='word_1_27' title='bbox 924 725 1072 810; x_wconf 80' lang='lat' dir='ltr'>adjuvit,</span> <span class='ocrx_word' id='word_1_28' title='bbox 1094 725 1207 793; x_wconf 87' lang='lat' dir='ltr'>misit·</span> 
     </span>
    </p>
   </div>
   <div class='ocr_carea' id='block_1_3' title="bbox 158 839 1223 3938">
    <p class='ocr_par' dir='ltr' id='par_1_3' title="bbox 275 839 1202 932">
     <span class='ocr_line' id='line_1_5' title="bbox 275 839 1202 932; baseline -0.005 -19"><span class='ocrx_word' id='word_1_29' title='bbox 275 866 339 932; x_wconf 84' lang='lat' dir='ltr'>que</span> <span class='ocrx_word' id='word_1_30' title='bbox 353 847 393 912; x_wconf 87' lang='lat' dir='ltr'>ad</span> <span class='ocrx_word' id='word_1_31' title='bbox 406 862 458 912; x_wconf 82' lang='lat' dir='ltr'>me</span> <span class='ocrx_word' id='word_1_32' title='bbox 472 844 576 914; x_wconf 85' lang='lat' dir='ltr'>varias</span> <span class='ocrx_word' id='word_1_33' title='bbox 594 843 748 910; x_wconf 85' lang='lat' dir='ltr'>lectiones</span> <span class='ocrx_word' id='word_1_34' title='bbox 765 839 901 908; x_wconf 86' lang='lat' dir='ltr'>Codicis</span> <span class='ocrx_word' id='word_1_35' title='bbox 919 839 1104 927; x_wconf 78' lang='lat' dir='ltr'>HarleJ‘ani,</span> <span class='ocrx_word' id='word_1_36' title='bbox 1127 859 1202 926; x_wconf 82' lang='lat' dir='ltr'>gra·</span> 
     </span>
    </p>

    <p class='ocr_par' dir='ltr' id='par_1_4' title="bbox 240 959 1209 1632">
     <span class='ocr_line' id='line_1_6' title="bbox 240 959 1203 1050; baseline -0.008 -14"><span class='ocrx_word' id='word_1_37' title='bbox 240 1015 243 1025; x_wconf 76' lang='lat'><em>-</em></span> <span class='ocrx_word' id='word_1_38' title='bbox 274 966 439 1036; x_wconf 86' lang='lat' dir='ltr'>tissimum</span> <span class='ocrx_word' id='word_1_39' title='bbox 457 965 743 1050; x_wconf 64' lang='lat' dir='ltr'>thenismonte.</span> <span class='ocrx_word' id='word_1_40' title='bbox 787 960 950 1029; x_wconf 86' lang='lat' dir='ltr'>Consului</span> <span class='ocrx_word' id='word_1_41' title='bbox 969 977 1104 1043; x_wconf 88' lang='lat' dir='ltr'>quoque</span> <span class='ocrx_word' id='word_1_42' title='bbox 1124 959 1203 1028; x_wconf 89' lang='lat' dir='ltr'>Cel.</span> 
     </span>
     <span class='ocr_line' id='line_1_7' title="bbox 275 1076 1206 1161; baseline -0.005 -11"><span class='ocrx_word' id='word_1_43' title='bbox 275 1079 403 1154; x_wconf 85' lang='lat' dir='ltr'>Reialrii</span> <span class='ocrx_word' id='word_1_44' title='bbox 432 1077 759 1158; x_wconf 84' lang='lat' dir='ltr'>Animadversiones‚</span> <span class='ocrx_word' id='word_1_45' title='bbox 793 1076 914 1161; x_wconf 82' lang='lat' dir='ltr'>quibua</span> <span class='ocrx_word' id='word_1_46' title='bbox 946 1093 1020 1142; x_wconf 82' lang='lat' dir='ltr'>cum</span> <span class='ocrx_word' id='word_1_47' title='bbox 1058 1077 1099 1143; x_wconf 86' lang='lat' dir='ltr'>de</span> <span class='ocrx_word' id='word_1_48' title='bbox 1126 1078 1206 1146; x_wconf 83' lang='lat' dir='ltr'>allia</span> 
     </span>
     <span class='ocr_line' id='line_1_8' title="bbox 277 1190 1209 1280; baseline -0.009 -14"><span class='ocrx_word' id='word_1_49' title='bbox 277 1195 413 1266; x_wconf 86' lang='lat' dir='ltr'>Graecia</span> <span class='ocrx_word' id='word_1_50' title='bbox 442 1194 683 1280; x_wconf 73' lang='lat' dir='ltr'>scriptoribus,</span> <span class='ocrx_word' id='word_1_51' title='bbox 717 1197 786 1260; x_wconf 84' lang='lat' dir='ltr'>tuu&#39;r</span> <span class='ocrx_word' id='word_1_52' title='bbox 822 1194 862 1258; x_wconf 85' lang='lat' dir='ltr'>de</span> <span class='ocrx_word' id='word_1_53' title='bbox 882 1191 1056 1258; x_wconf 82' lang='lat' dir='ltr'>Plutarcho</span> <span class='ocrx_word' id='word_1_54' title='bbox 1081 1190 1209 1276; x_wconf 76' lang='lat' dir='ltr'>egregie</span> 
     </span>
     <span class='ocr_line' id='line_1_9' title="bbox 280 1303 1207 1400; baseline -0.004 -18"><span class='ocrx_word' id='word_1_55' title='bbox 280 1313 413 1382; x_wconf 78' lang='lat' dir='ltr'>meritus</span> <span class='ocrx_word' id='word_1_56' title='bbox 427 1326 501 1395; x_wconf 90' lang='lat' dir='ltr'>est,</span> <span class='ocrx_word' id='word_1_57' title='bbox 523 1325 556 1378; x_wconf 91' lang='lat' dir='ltr'>et</span> <span class='ocrx_word' id='word_1_58' title='bbox 580 1303 786 1376; x_wconf 74' lang='lat' dir='ltr'>utilissimam</span> <span class='ocrx_word' id='word_1_59' title='bbox 805 1309 840 1375; x_wconf 91' lang='lat' dir='ltr'>in</span> <span class='ocrx_word' id='word_1_60' title='bbox 857 1307 1064 1400; x_wconf 79' lang='lat' dir='ltr'>emaculandn</span> <span class='ocrx_word' id='word_1_61' title='bbox 1087 1321 1207 1378; x_wconf 90' lang='lat' dir='ltr'>nostro</span> 
     </span>
     <span class='ocr_line' id='line_1_10' title="bbox 279 1405 1208 1513; baseline -0.009 -14"><span class='ocrx_word' id='word_1_62' title='bbox 279 1431 392 1499; x_wconf 90' lang='lat' dir='ltr'>llbello</span> <span class='ocrx_word' id='word_1_63' title='bbox 419 1446 548 1513; x_wconf 88' lang='lat' dir='ltr'>operam</span> <span class='ocrx_word' id='word_1_64' title='bbox 577 1427 617 1495; x_wconf 86' lang='lat' dir='ltr'>ab</span> <span class='ocrx_word' id='word_1_65' title='bbox 641 1443 681 1493; x_wconf 88' lang='lat' dir='ltr'>eo</span> <span class='ocrx_word' id='word_1_66' title='bbox 711 1439 858 1492; x_wconf 83' lang='lat' dir='ltr'>navatam</span> <span class='ocrx_word' id='word_1_67' title='bbox 891 1405 962 1492; x_wconf 81' lang='lat' dir='ltr'>esse</span> <span class='ocrx_word' id='word_1_68' title='bbox 992 1425 1208 1510; x_wconf 85' lang='lat' dir='ltr'>deprehendi;</span> 
     </span>
     <span class='ocr_line' id='line_1_11' title="bbox 280 1538 1209 1632; baseline -0.01 -17"><span class='ocrx_word' id='word_1_69' title='bbox 280 1549 435 1632; x_wconf 79' lang='lat' dir='ltr'>pleraque</span> <span class='ocrx_word' id='word_1_70' title='bbox 461 1546 514 1613; x_wconf 83' lang='lat' dir='ltr'>vel</span> <span class='ocrx_word' id='word_1_71' title='bbox 536 1557 689 1626; x_wconf 86' lang='lat' dir='ltr'>corrupta</span> <span class='ocrx_word' id='word_1_72' title='bbox 713 1541 879 1627; x_wconf 76' lang='lat' dir='ltr'>ingeniose</span> <span class='ocrx_word' id='word_1_73' title='bbox 895 1538 1034 1623; x_wconf 80' lang='lat' dir='ltr'>corrigi,</span> <span class='ocrx_word' id='word_1_74' title='bbox 1055 1541 1105 1608; x_wconf 87' lang='lat' dir='ltr'>vel</span> <span class='ocrx_word' id='word_1_75' title='bbox 1123 1557 1209 1623; x_wconf 87' lang='lat' dir='ltr'>quae</span> 
     </span>
    </p>

    <p class='ocr_par' dir='ltr' id='par_1_5' title="bbox 281 1654 1213 1855">
     <span class='ocr_line' id='line_1_12' title="bbox 281 1654 1206 1744; baseline -0.01 -13"><span class='ocrx_word' id='word_1_76' title='bbox 281 1659 322 1732; x_wconf 81' lang='lat' dir='ltr'>ad</span> <span class='ocrx_word' id='word_1_77' title='bbox 342 1677 446 1728; x_wconf 86' lang='lat' dir='ltr'>rerum</span> <span class='ocrx_word' id='word_1_78' title='bbox 468 1669 628 1744; x_wconf 74' lang='lat' dir='ltr'>gestarum</span> <span class='ocrx_word' id='word_1_79' title='bbox 647 1656 742 1724; x_wconf 79' lang='lat' dir='ltr'>fidem</span> <span class='ocrx_word' id='word_1_80' title='bbox 761 1654 923 1740; x_wconf 85' lang='lat' dir='ltr'>pertinent</span> <span class='ocrx_word' id='word_1_81' title='bbox 941 1657 1036 1724; x_wconf 87' lang='lat' dir='ltr'>docte</span> <span class='ocrx_word' id='word_1_82' title='bbox 1060 1657 1206 1737; x_wconf 87' lang='lat' dir='ltr'>moneri,</span> 
     </span>
     <span class='ocr_line' id='line_1_13' title="bbox 282 1765 1213 1855; baseline -0.008 -14"><span class='ocrx_word' id='word_1_83' title='bbox 282 1775 357 1855; x_wconf 80' lang='lat' dir='ltr'>uel,</span> <span class='ocrx_word' id='word_1_84' title='bbox 381 1786 419 1838; x_wconf 87' lang='lat' dir='ltr'>nt</span> <span class='ocrx_word' id='word_1_85' title='bbox 443 1770 505 1852; x_wconf 84' lang='lat' dir='ltr'>lit,</span> <span class='ocrx_word' id='word_1_86' title='bbox 527 1769 658 1854; x_wconf 86' lang='lat' dir='ltr'>saepius</span> <span class='ocrx_word' id='word_1_87' title='bbox 682 1787 806 1836; x_wconf 89' lang='lat' dir='ltr'>mecum</span> <span class='ocrx_word' id='word_1_88' title='bbox 834 1767 1011 1835; x_wconf 80' lang='lat' dir='ltr'>incendent</span> <span class='ocrx_word' id='word_1_89' title='bbox 1031 1765 1213 1849; x_wconf 83' lang='lat' dir='ltr'>explicandi</span> 
     </span>
    </p>

    <p class='ocr_par' dir='ltr' id='par_1_6' title="bbox 212 1880 1216 2543">
     <span class='ocr_line' id='line_1_14' title="bbox 212 1880 1216 1973; baseline -0.014 -16"><span class='ocrx_word' id='word_1_90' title='bbox 212 1937 224 1973; x_wconf 69' lang='lat' dir='ltr'><em>s</em></span> <span class='ocrx_word' id='word_1_91' title='bbox 285 1883 537 1966; x_wconf 82' lang='lat' dir='ltr'>emendandique</span> <span class='ocrx_word' id='word_1_92' title='bbox 558 1883 642 1950; x_wconf 85' lang='lat' dir='ltr'>uiam</span> <span class='ocrx_word' id='word_1_93' title='bbox 672 1880 810 1966; x_wconf 79' lang='lat' dir='ltr'>ingredi.</span> <span class='ocrx_word' id='word_1_94' title='bbox 850 1881 971 1946; x_wconf 85' lang='lat' dir='ltr'>Adhuc</span> <span class='ocrx_word' id='word_1_95' title='bbox 996 1880 1072 1945; x_wconf 87' lang='lat' dir='ltr'>hacc</span> <span class='ocrx_word' id='word_1_96' title='bbox 1099 1893 1216 1961; x_wconf 87' lang='lat' dir='ltr'>erant,</span> 
     </span>
     <span class='ocr_line' id='line_1_15' title="bbox 252 1991 1216 2070; baseline -0.006 -2"><span class='ocrx_word' id='word_1_97' title='bbox 252 1995 260 2017; x_wconf 70' lang='lat'>¹</span> <span class='ocrx_word' id='word_1_98' title='bbox 287 2019 361 2070; x_wconf 88' lang='lat' dir='ltr'>eum</span> <span class='ocrx_word' id='word_1_99' title='bbox 381 2016 454 2066; x_wconf 89' lang='lat' dir='ltr'>ecce</span> <span class='ocrx_word' id='word_1_100' title='bbox 469 2015 579 2066; x_wconf 85' lang='lat' dir='ltr'>noves</span> <span class='ocrx_word' id='word_1_101' title='bbox 595 1995 663 2062; x_wconf 82' lang='lat' dir='ltr'>dies</span> <span class='ocrx_word' id='word_1_102' title='bbox 679 2010 765 2062; x_wconf 79' lang='lat' dir='ltr'>novt</span> <span class='ocrx_word' id='word_1_103' title='bbox 781 1991 890 2058; x_wconf 90' lang='lat' dir='ltr'>attulit</span> <span class='ocrx_word' id='word_1_104' title='bbox 907 1991 1072 2060; x_wconf 84' lang='lat' dir='ltr'>subsidia!</span> <span class='ocrx_word' id='word_1_105' title='bbox 1090 2027 1134 2046; x_wconf 87' lang='lat'>-</span> <span class='ocrx_word' id='word_1_106' title='bbox 1152 1993 1216 2062; x_wconf 88' lang='lat' dir='ltr'>Et·</span> 
     </span>
     <span class='ocr_line' id='line_1_16' title="bbox 287 2101 1216 2194; baseline -0.01 -8"><span class='ocrx_word' id='word_1_107' title='bbox 287 2119 378 2186; x_wconf 88' lang='lat' dir='ltr'>enim·</span> <span class='ocrx_word' id='word_1_108' title='bbox 395 2115 446 2184; x_wconf 86' lang='lat' dir='ltr'>ab·</span> <span class='ocrx_word' id='word_1_109' title='bbox 462 2133 501 2182; x_wconf 86' lang='lat' dir='ltr'>eo</span> <span class='ocrx_word' id='word_1_110' title='bbox 527 2101 694 2194; x_wconf 81' lang='lat' dir='ltr'>tempore,</span> <span class='ocrx_word' id='word_1_111' title='bbox 716 2127 783 2191; x_wconf 86' lang='lat' dir='ltr'>quo</span> <span class='ocrx_word' id='word_1_112' title='bbox 807 2107 848 2175; x_wconf 90' lang='lat' dir='ltr'>ad</span> <span class='ocrx_word' id='word_1_113' title='bbox 870 2107 1074 2176; x_wconf 81' lang='lat' dir='ltr'>humaniores</span> <span class='ocrx_word' id='word_1_114' title='bbox 1091 2109 1216 2177; x_wconf 88' lang='lat' dir='ltr'>litteras</span> 
     </span>
     <span class='ocr_line' id='line_1_17' title="bbox 288 2223 1215 2315; baseline -0.015 -11"><span class='ocrx_word' id='word_1_115' title='bbox 288 2235 430 2304; x_wconf 86' lang='lat' dir='ltr'>animum</span> <span class='ocrx_word' id='word_1_116' title='bbox 455 2229 592 2315; x_wconf 85' lang='lat' dir='ltr'>appuli,</span> <span class='ocrx_word' id='word_1_117' title='bbox 622 2227 711 2298; x_wconf 83' lang='lat' dir='ltr'>nulla</span> <span class='ocrx_word' id='word_1_118' title='bbox 731 2223 811 2292; x_wconf 91' lang='lat' dir='ltr'>mihi</span> <span class='ocrx_word' id='word_1_119' title='bbox 832 2223 955 2292; x_wconf 86' lang='lat' dir='ltr'>beatior</span> <span class='ocrx_word' id='word_1_120' title='bbox 978 2223 1068 2314; x_wconf 81' lang='lat' dir='ltr'>regio</span> <span class='ocrx_word' id='word_1_121' title='bbox 1083 2224 1215 2292; x_wconf 82' lang='lat' dir='ltr'>videba-</span> 
     </span>
     <span class='ocr_line' id='line_1_18' title="bbox 290 2333 1215 2425; baseline -0.008 -14"><span class='ocrx_word' id='word_1_122' title='bbox 290 2359 345 2414; x_wconf 87' lang='lat' dir='ltr'>tur</span> <span class='ocrx_word' id='word_1_123' title='bbox 369 2343 525 2425; x_wconf 83' lang='lat' dir='ltr'>Batavia,</span> <span class='ocrx_word' id='word_1_124' title='bbox 554 2343 642 2425; x_wconf 88' lang='lat' dir='ltr'>quod</span> <span class='ocrx_word' id='word_1_125' title='bbox 663 2340 697 2406; x_wconf 92' lang='lat' dir='ltr'>in</span> <span class='ocrx_word' id='word_1_126' title='bbox 722 2357 758 2404; x_wconf 88' lang='lat' dir='ltr'>ea</span> <span class='ocrx_word' id='word_1_127' title='bbox 782 2354 866 2402; x_wconf 85' lang='lat' dir='ltr'>meae</span> <span class='ocrx_word' id='word_1_128' title='bbox 888 2333 1017 2404; x_wconf 86' lang='lat' dir='ltr'>deliciae</span> <span class='ocrx_word' id='word_1_129' title='bbox 1045 2337 1215 2422; x_wconf 87' lang='lat' dir='ltr'>florerent,</span> 
     </span>
     <span class='ocr_line' id='line_1_19' title="bbox 291 2449 1211 2543; baseline -0.005 -13"><span class='ocrx_word' id='word_1_130' title='bbox 291 2464 492 2543; x_wconf 83' lang='lat' dir='ltr'>colerentur,</span> <span class='ocrx_word' id='word_1_131' title='bbox 514 2471 546 2526; x_wconf 87' lang='lat' dir='ltr'>et</span> <span class='ocrx_word' id='word_1_132' title='bbox 564 2471 635 2524; x_wconf 85' lang='lat' dir='ltr'>tuta</span> <span class='ocrx_word' id='word_1_133' title='bbox 657 2454 895 2536; x_wconf 80' lang='lat' dir='ltr'>tranquillaque</span> <span class='ocrx_word' id='word_1_134' title='bbox 919 2471 997 2536; x_wconf 89' lang='lat' dir='ltr'>pace</span> <span class='ocrx_word' id='word_1_135' title='bbox 1018 2449 1211 2525; x_wconf 80' lang='lat' dir='ltr'>fruerentur.</span> 
     </span>
    </p>

    <p class='ocr_par' dir='ltr' id='par_1_7' title="bbox 292 2559 1218 2660">
     <span class='ocr_line' id='line_1_20' title="bbox 292 2559 1218 2660; baseline -0.009 -12"><span class='ocrx_word' id='word_1_136' title='bbox 292 2581 334 2650; x_wconf 87' lang='lat' dir='ltr'>lu</span> <span class='ocrx_word' id='word_1_137' title='bbox 357 2592 453 2660; x_wconf 83' lang='lat' dir='ltr'>quam</span> <span class='ocrx_word' id='word_1_138' title='bbox 472 2591 546 2642; x_wconf 90' lang='lat' dir='ltr'>cum</span> <span class='ocrx_word' id='word_1_139' title='bbox 568 2572 735 2652; x_wconf 85' lang='lat' dir='ltr'>intuebar,</span> <span class='ocrx_word' id='word_1_140' title='bbox 764 2559 897 2636; x_wconf 80' lang='lat' dir='ltr'>maxime</span> <span class='ocrx_word' id='word_1_141' title='bbox 925 2567 1003 2635; x_wconf 88' lang='lat' dir='ltr'>mihi</span> <span class='ocrx_word' id='word_1_142' title='bbox 1027 2571 1218 2640; x_wconf 85' lang='lat' dir='ltr'>occurrebat</span> 
     </span>
    </p>

    <p class='ocr_par' dir='ltr' id='par_1_8' title="bbox 296 2679 1219 2773">
     <span class='ocr_line' id='line_1_21' title="bbox 296 2679 1219 2773; baseline 0 -17"><span class='ocrx_word' id='word_1_143' title='bbox 296 2705 330 2772; x_wconf 77' lang='lat' dir='ltr'>et</span> <span class='ocrx_word' id='word_1_144' title='bbox 347 2689 440 2773; x_wconf 86' lang='lat' dir='ltr'>quasi</span> <span class='ocrx_word' id='word_1_145' title='bbox 459 2687 587 2754; x_wconf 86' lang='lat' dir='ltr'>lucebat</span> <span class='ocrx_word' id='word_1_146' title='bbox 604 2681 727 2765; x_wconf 80' lang='lat' dir='ltr'>Leiria,</span> <span class='ocrx_word' id='word_1_147' title='bbox 758 2685 793 2750; x_wconf 91' lang='lat' dir='ltr'>in</span> <span class='ocrx_word' id='word_1_148' title='bbox 819 2701 883 2766; x_wconf 86' lang='lat' dir='ltr'>qua</span> <span class='ocrx_word' id='word_1_149' title='bbox 901 2679 1042 2752; x_wconf 82' lang='lat' dir='ltr'>Graecae</span> <span class='ocrx_word' id='word_1_150' title='bbox 1069 2683 1219 2756; x_wconf 86' lang='lat' dir='ltr'>Latinae·</span> 
     </span>
    </p>

    <p class='ocr_par' dir='ltr' id='par_1_9' title="bbox 222 2804 1220 3592">
     <span class='ocr_line' id='line_1_22' title="bbox 238 2804 1220 2902; baseline -0.003 -25"><span class='ocrx_word' id='word_1_151' title='bbox 238 2893 243 2902; x_wconf 25' lang='lat'>⁸</span> <span class='ocrx_word' id='word_1_152' title='bbox 295 2827 362 2896; x_wconf 72' lang='lat' dir='ltr'>nne</span> <span class='ocrx_word' id='word_1_153' title='bbox 386 2807 524 2890; x_wconf 84' lang='lat' dir='ltr'>Musae,</span> <span class='ocrx_word' id='word_1_154' title='bbox 545 2821 623 2890; x_wconf 86' lang='lat' dir='ltr'>post</span> <span class='ocrx_word' id='word_1_155' title='bbox 651 2821 774 2872; x_wconf 87' lang='lat' dir='ltr'>renatas</span> <span class='ocrx_word' id='word_1_156' title='bbox 803 2804 949 2888; x_wconf 87' lang='lat' dir='ltr'>litterae,</span> <span class='ocrx_word' id='word_1_157' title='bbox 971 2805 1061 2876; x_wconf 82' lang='lat' dir='ltr'>aedes</span> <span class='ocrx_word' id='word_1_158' title='bbox 1085 2807 1220 2875; x_wconf 89' lang='lat' dir='ltr'>domici·</span> 
     </span>
     <span class='ocr_line' id='line_1_23' title="bbox 222 2905 1216 3009; baseline -0.004 -13"><span class='ocrx_word' id='word_1_159' title='bbox 222 2905 225 2910; x_wconf 12' lang='grc' dir='ltr'><strong>Α</strong></span> <span class='ocrx_word' id='word_1_160' title='bbox 297 2926 445 3009; x_wconf 82' lang='lat' dir='ltr'>liumque</span> <span class='ocrx_word' id='word_1_161' title='bbox 459 2925 721 3002; x_wconf 84' lang='lat' dir='ltr'>collocaverunt,</span> <span class='ocrx_word' id='word_1_162' title='bbox 731 2936 764 2988; x_wconf 91' lang='lat' dir='ltr'>et</span> <span class='ocrx_word' id='word_1_163' title='bbox 781 2940 818 2989; x_wconf 83' lang='lat' dir='ltr'>ex</span> <span class='ocrx_word' id='word_1_164' title='bbox 835 2939 876 2990; x_wconf 91' lang='lat' dir='ltr'>eo</span> <span class='ocrx_word' id='word_1_165' title='bbox 892 2938 1036 3006; x_wconf 80' lang='lat' dir='ltr'>ternpore</span> <span class='ocrx_word' id='word_1_166' title='bbox 1051 2941 1216 3006; x_wconf 81' lang='lat' dir='ltr'>nunquam</span> 
     </span>
     <span class='ocr_line' id='line_1_24' title="bbox 295 3039 1217 3118; baseline -0.002 -10"><span class='ocrx_word' id='word_1_167' title='bbox 295 3061 364 3118; x_wconf 83' lang='lat' dir='ltr'>non</span> <span class='ocrx_word' id='word_1_168' title='bbox 410 3058 608 3108; x_wconf 88' lang='lat' dir='ltr'>summorum</span> <span class='ocrx_word' id='word_1_169' title='bbox 652 3039 834 3106; x_wconf 83' lang='lat' dir='ltr'>Doctorum</span> <span class='ocrx_word' id='word_1_170' title='bbox 882 3039 1007 3108; x_wconf 86' lang='lat' dir='ltr'>scholis</span> <span class='ocrx_word' id='word_1_171' title='bbox 1045 3039 1217 3106; x_wconf 85' lang='lat' dir='ltr'>celebratae</span> 
     </span>
     <span class='ocr_line' id='line_1_25' title="bbox 295 3143 1220 3241; baseline -0.002 -15"><span class='ocrx_word' id='word_1_172' title='bbox 295 3171 401 3241; x_wconf 75' lang='lat' dir='ltr'>suut,</span> <span class='ocrx_word' id='word_1_173' title='bbox 421 3169 453 3224; x_wconf 89' lang='lat' dir='ltr'>et</span> <span class='ocrx_word' id='word_1_174' title='bbox 474 3143 587 3224; x_wconf 76' lang='lat' dir='ltr'>nostra</span> <span class='ocrx_word' id='word_1_175' title='bbox 611 3169 711 3224; x_wconf 75' lang='lat' dir='ltr'>aetam</span> <span class='ocrx_word' id='word_1_176' title='bbox 729 3155 891 3240; x_wconf 85' lang='lat' dir='ltr'>principes</span> <span class='ocrx_word' id='word_1_177' title='bbox 916 3175 954 3224; x_wconf 84' lang='lat' dir='ltr'>ea</span> <span class='ocrx_word' id='word_1_178' title='bbox 980 3155 1220 3224; x_wconf 84' lang='lat' dir='ltr'>Hcmaterhueii</span> 
     </span>
     <span class='ocr_line' id='line_1_26' title="bbox 293 3265 1219 3352; baseline -0.009 -14"><span class='ocrx_word' id='word_1_179' title='bbox 293 3265 472 3352; x_wconf 74' lang='lat' dir='ltr'>disciplina</span> <span class='ocrx_word' id='word_1_180' title='bbox 496 3268 557 3335; x_wconf 88' lang='lat' dir='ltr'>viri</span> <span class='ocrx_word' id='word_1_181' title='bbox 578 3269 742 3351; x_wconf 72' lang='lat' dir='ltr'>numquam</span> <span class='ocrx_word' id='word_1_182' title='bbox 767 3267 900 3352; x_wconf 82' lang='lat' dir='ltr'>gloriam</span> <span class='ocrx_word' id='word_1_183' title='bbox 926 3283 1078 3352; x_wconf 87' lang='lat' dir='ltr'>tuentur,</span> <span class='ocrx_word' id='word_1_184' title='bbox 1101 3269 1219 3338; x_wconf 83' lang='lat' dir='ltr'>Valle.</span> 
     </span>
     <span class='ocr_line' id='line_1_27' title="bbox 293 3379 1217 3464; baseline 0.001 -12"><span class='ocrx_word' id='word_1_185' title='bbox 293 3383 410 3462; x_wconf 80' lang='lat' dir='ltr'>narius</span> <span class='ocrx_word' id='word_1_186' title='bbox 436 3397 468 3449; x_wconf 87' lang='lat' dir='ltr'>et</span> <span class='ocrx_word' id='word_1_187' title='bbox 491 3381 721 3450; x_wconf 82' lang='lat' dir='ltr'>Ruhnkeniua.</span> <span class='ocrx_word' id='word_1_188' title='bbox 752 3379 825 3448; x_wconf 86' lang='lat' dir='ltr'>Huc</span> <span class='ocrx_word' id='word_1_189' title='bbox 846 3381 952 3464; x_wconf 87' lang='lat' dir='ltr'>itaque</span> <span class='ocrx_word' id='word_1_190' title='bbox 976 3381 1055 3448; x_wconf 92' lang='lat' dir='ltr'>mihi</span> <span class='ocrx_word' id='word_1_191' title='bbox 1080 3385 1217 3454; x_wconf 91' lang='lat' dir='ltr'>eundum</span> 
     </span>
     <span class='ocr_line' id='line_1_28' title="bbox 292 3497 1220 3592; baseline -0.001 -22"><span class='ocrx_word' id='word_1_192' title='bbox 292 3499 435 3592; x_wconf 76' lang='lat' dir='ltr'>putavi,</span> <span class='ocrx_word' id='word_1_193' title='bbox 465 3513 502 3566; x_wconf 84' lang='lat' dir='ltr'>ut</span> <span class='ocrx_word' id='word_1_194' title='bbox 530 3513 562 3565; x_wconf 89' lang='lat' dir='ltr'>et</span> <span class='ocrx_word' id='word_1_195' title='bbox 587 3511 723 3568; x_wconf 78' lang='lat' dir='ltr'>ueterem</span> <span class='ocrx_word' id='word_1_196' title='bbox 755 3498 938 3583; x_wconf 89' lang='lat' dir='ltr'>sapientiam</span> <span class='ocrx_word' id='word_1_197' title='bbox 963 3497 1002 3564; x_wconf 88' lang='lat' dir='ltr'>ab</span> <span class='ocrx_word' id='word_1_198' title='bbox 1031 3498 1105 3583; x_wconf 90' lang='lat' dir='ltr'>ipso</span> <span class='ocrx_word' id='word_1_199' title='bbox 1129 3497 1220 3570; x_wconf 84' lang='lat' dir='ltr'>fonte</span> 
     </span>
    </p>

    <p class='ocr_par' dir='ltr' id='par_1_10' title="bbox 158 3601 1223 3938">
     <span class='ocr_line' id='line_1_29' title="bbox 158 3601 1221 3696; baseline -0.001 -11"><span class='ocrx_word' id='word_1_200' title='bbox 158 3659 163 3668; x_wconf 83' lang='lat'><em>·</em></span> <span class='ocrx_word' id='word_1_201' title='bbox 270 3679 275 3688; x_wconf 88' lang='grc'><strong>,</strong></span> <span class='ocrx_word' id='word_1_202' title='bbox 292 3613 479 3696; x_wconf 69' lang='lat' dir='ltr'>haurirem,</span> <span class='ocrx_word' id='word_1_203' title='bbox 499 3625 531 3678; x_wconf 90' lang='lat' dir='ltr'>et</span> <span class='ocrx_word' id='word_1_204' title='bbox 548 3611 674 3696; x_wconf 88' lang='lat' dir='ltr'>siquid</span> <span class='ocrx_word' id='word_1_205' title='bbox 691 3631 763 3682; x_wconf 91' lang='lat' dir='ltr'>meo</span> <span class='ocrx_word' id='word_1_206' title='bbox 780 3612 889 3680; x_wconf 87' lang='lat' dir='ltr'>studio</span> <span class='ocrx_word' id='word_1_207' title='bbox 906 3601 1047 3682; x_wconf 79' lang='lat' dir='ltr'>C&#39;riticae</span> <span class='ocrx_word' id='word_1_208' title='bbox 1060 3613 1221 3684; x_wconf 83' lang='lat' dir='ltr'>facultatis</span> 
     </span>
     <span class='ocr_line' id='line_1_30' title="bbox 290 3709 1218 3820; baseline 0.004 -20"><span class='ocrx_word' id='word_1_209' title='bbox 290 3709 471 3820; x_wconf 59' lang='lat' dir='ltr'>‚mstcutu&#39;s</span> <span class='ocrx_word' id='word_1_210' title='bbox 498 3745 624 3814; x_wconf 70' lang='lat' dir='ltr'>maen,</span> <span class='ocrx_word' id='word_1_211' title='bbox 656 3728 691 3799; x_wconf 87' lang='lat' dir='ltr'>id</span> <span class='ocrx_word' id='word_1_212' title='bbox 725 3730 841 3797; x_wconf 85' lang='lat' dir='ltr'>horum</span> <span class='ocrx_word' id='word_1_213' title='bbox 871 3729 1116 3802; x_wconf 87' lang='lat' dir='ltr'>duumviromm</span> <span class='ocrx_word' id='word_1_214' title='bbox 1146 3734 1218 3804; x_wconf 75' lang='lat' dir='ltr'>lma</span> 
     </span>
     <span class='ocr_line' id='line_1_31' title="bbox 290 3859 1223 3938; baseline -0.01 -20"><span class='ocrx_word' id='word_1_215' title='bbox 290 3899 330 3938; x_wconf 74' lang='lat' dir='ltr'>l..</span> <span class='ocrx_word' id='word_1_216' title='bbox 623 3870 626 3882; x_wconf 89' lang='grc'><strong>’</strong></span> <span class='ocrx_word' id='word_1_217' title='bbox 886 3921 889 3928; x_wconf 86' lang='lat'><em>.</em></span> <span class='ocrx_word' id='word_1_218' title='bbox 1133 3859 1223 3912; x_wconf 67' lang='lat' dir='ltr'>wie·</span> 
     </span>
    </p>
   </div>
   <div class='ocr_carea' id='block_1_4' title="bbox 0 0 1312 4710">
    <p class='ocr_par' dir='ltr' id='par_1_11' title="bbox 0 0 1312 4710">
     <span class='ocr_line' id='line_1_32' title="bbox 0 0 1312 4710; baseline 0 0"><span class='ocrx_word' id='word_1_219' title='bbox 0 0 1312 4710; x_wconf 95' lang='lat' dir='ltr'> </span> 
     </span>
    </p>
   </div>
  </div>
 </body>
</html>
