<?xml version="1.0" encoding="UTF-8"?>
<!DOCTYPE html PUBLIC "-//W3C//DTD XHTML 1.0 Transitional//EN"
    "http://www.w3.org/TR/xhtml1/DTD/xhtml1-transitional.dtd">
<html xmlns="http://www.w3.org/1999/xhtml" xml:lang="en" lang="en">
 <head>
  <title>
</title>
<meta http-equiv="Content-Type" content="text/html;charset=utf-8" />
  <meta name='ocr-system' content='tesseract 3.04.00' />
  <meta name='ocr-capabilities' content='ocr_page ocr_carea ocr_par ocr_line ocrx_word'/>
</head>
<body>
  <div class='ocr_page' id='page_1' title='image "./opusculavariiar01wyttgoog_0120.png"; bbox 0 0 2348 4716; ppageno 0'>
   <div class='ocr_carea' id='block_1_1' title="bbox 236 299 994 400">
    <p class='ocr_par' dir='ltr' id='par_1_1' title="bbox 236 299 994 400">
     <span class='ocr_line' id='line_1_1' title="bbox 236 299 994 400; baseline 0.012 -27"><span class='ocrx_word' id='word_1_1' title='bbox 236 300 408 374; x_wconf 70' lang='lat' dir='ltr'>armoe.</span> <span class='ocrx_word' id='word_1_2' title='bbox 432 301 539 372; x_wconf 85' lang='lat' dir='ltr'>CUM</span> <span class='ocrx_word' id='word_1_3' title='bbox 571 299 801 377; x_wconf 81' lang='lat' dir='ltr'><strong>LITTERIS.</strong></span> <span class='ocrx_word' id='word_1_4' title='bbox 930 329 994 400; x_wconf 68' lang='lat' dir='ltr'>roy</span> 
     </span>
    </p>
   </div>
   <div class='ocr_carea' id='block_1_2' title="bbox 3 488 1105 3956">
    <p class='ocr_par' dir='ltr' id='par_1_2' title="bbox 67 488 994 1168">
     <span class='ocr_line' id='line_1_2' title="bbox 67 488 988 578; baseline 0.004 -18"><span class='ocrx_word' id='word_1_5' title='bbox 67 497 181 566; x_wconf 64' lang='lat' dir='ltr'>duum</span> <span class='ocrx_word' id='word_1_6' title='bbox 205 489 342 576; x_wconf 77' lang='lat' dir='ltr'><strong>utileque</strong></span> <span class='ocrx_word' id='word_1_7' title='bbox 367 499 460 559; x_wconf 84' lang='lat' dir='ltr'>esset</span> <span class='ocrx_word' id='word_1_8' title='bbox 488 488 667 574; x_wconf 76' lang='lat' dir='ltr'>nescirent,</span> <span class='ocrx_word' id='word_1_9' title='bbox 700 509 778 560; x_wconf 83' lang='lat' dir='ltr'>mox</span> <span class='ocrx_word' id='word_1_10' title='bbox 801 491 840 559; x_wconf 85' lang='lat' dir='ltr'>ab</span> <span class='ocrx_word' id='word_1_11' title='bbox 863 492 988 578; x_wconf 71' lang='lat' dir='ltr'>iniusta</span> 
     </span>
     <span class='ocr_line' id='line_1_3' title="bbox 70 608 991 700; baseline 0.007 -22"><span class='ocrx_word' id='word_1_12' title='bbox 70 613 168 700; x_wconf 71' lang='lat' dir='ltr'>gloria</span> <span class='ocrx_word' id='word_1_13' title='bbox 184 610 299 692; x_wconf 78' lang='lat' dir='ltr'>depulsi</span> <span class='ocrx_word' id='word_1_14' title='bbox 321 623 420 678; x_wconf 87' lang='lat' dir='ltr'>aunt.</span> <span class='ocrx_word' id='word_1_15' title='bbox 454 608 616 678; x_wconf 82' lang='lat' dir='ltr'>Nimirum</span> <span class='ocrx_word' id='word_1_16' title='bbox 633 615 756 680; x_wconf 90' lang='lat' dir='ltr'>clarum</span> <span class='ocrx_word' id='word_1_17' title='bbox 780 630 991 700; x_wconf 82' lang='lat' dir='ltr'>apertumque</span> 
     </span>
     <span class='ocr_line' id='line_1_4' title="bbox 71 720 990 816; baseline 0.007 -20"><span class='ocrx_word' id='word_1_18' title='bbox 71 745 135 810; x_wconf 83' lang='lat' dir='ltr'>est,</span> <span class='ocrx_word' id='word_1_19' title='bbox 152 725 414 809; x_wconf 72' lang='lat' dir='ltr'><strong>Philosophiam,</strong></span> <span class='ocrx_word' id='word_1_20' title='bbox 435 743 510 798; x_wconf 87' lang='lat' dir='ltr'>cum</span> <span class='ocrx_word' id='word_1_21' title='bbox 527 725 599 810; x_wconf 83' lang='lat' dir='ltr'>ipsa</span> <span class='ocrx_word' id='word_1_22' title='bbox 617 720 837 796; x_wconf 74' lang='lat' dir='ltr'>doctrinarum</span> <span class='ocrx_word' id='word_1_23' title='bbox 853 731 896 798; x_wconf 86' lang='lat' dir='ltr'>sir</span> <span class='ocrx_word' id='word_1_24' title='bbox 911 736 990 816; x_wconf 91' lang='lat' dir='ltr'>pul·</span> 
     </span>
     <span class='ocr_line' id='line_1_5' title="bbox 75 841 992 931; baseline -0.008 -17"><span class='ocrx_word' id='word_1_25' title='bbox 75 845 233 925; x_wconf 73' lang='lat' dir='ltr'>chorios,</span> <span class='ocrx_word' id='word_1_26' title='bbox 254 841 413 910; x_wconf 89' lang='lat' dir='ltr'>nonnisi</span> <span class='ocrx_word' id='word_1_27' title='bbox 435 843 574 910; x_wconf 86' lang='lat' dir='ltr'>naturali</span> <span class='ocrx_word' id='word_1_28' title='bbox 599 843 671 926; x_wconf 85' lang='lat' dir='ltr'>via,</span> <span class='ocrx_word' id='word_1_29' title='bbox 693 844 729 910; x_wconf 90' lang='lat' dir='ltr'>id</span> <span class='ocrx_word' id='word_1_30' title='bbox 749 860 823 928; x_wconf 82' lang='lat' dir='ltr'>eat,</span> <span class='ocrx_word' id='word_1_31' title='bbox 845 847 992 931; x_wconf 88' lang='lat' dir='ltr'>pulchri.</span> 
     </span>
     <span class='ocr_line' id='line_1_6' title="bbox 80 964 994 1054; baseline 0.002 -18"><span class='ocrx_word' id='word_1_32' title='bbox 80 967 181 1036; x_wconf 72' lang='lat' dir='ltr'>tanim</span> <span class='ocrx_word' id='word_1_33' title='bbox 210 964 521 1047; x_wconf 69' lang='lat' dir='ltr'>commendatione,</span> <span class='ocrx_word' id='word_1_34' title='bbox 551 964 585 1036; x_wconf 86' lang='lat' dir='ltr'>iu</span> <span class='ocrx_word' id='word_1_35' title='bbox 610 965 777 1034; x_wconf 87' lang='lat' dir='ltr'>hominum</span> <span class='ocrx_word' id='word_1_36' title='bbox 802 966 932 1054; x_wconf 84' lang='lat' dir='ltr'>ingenia</span> <span class='ocrx_word' id='word_1_37' title='bbox 955 985 994 1038; x_wconf 75' lang='lat' dir='ltr'>aa</span> 
     </span>
     <span class='ocr_line' id='line_1_7' title="bbox 80 1083 350 1168; baseline 0.015 -18"><span class='ocrx_word' id='word_1_38' title='bbox 80 1083 210 1152; x_wconf 72' lang='lat' dir='ltr'>manure</span> <span class='ocrx_word' id='word_1_39' title='bbox 232 1103 350 1168; x_wconf 76' lang='lat' dir='ltr'>posue.</span> 
     </span>
    </p>

    <p class='ocr_par' dir='ltr' id='par_1_3' title="bbox 57 1197 994 1868">
     <span class='ocr_line' id='line_1_8' title="bbox 107 1197 992 1284; baseline 0.007 -18"><span class='ocrx_word' id='word_1_40' title='bbox 107 1199 160 1266; x_wconf 78' lang='lat' dir='ltr'>Sed</span> <span class='ocrx_word' id='word_1_41' title='bbox 176 1200 396 1284; x_wconf 84' lang='lat' dir='ltr'>elegantiores</span> <span class='ocrx_word' id='word_1_42' title='bbox 426 1198 548 1266; x_wconf 85' lang='lat' dir='ltr'>litterae</span> <span class='ocrx_word' id='word_1_43' title='bbox 572 1197 815 1282; x_wconf 78' lang='lat' dir='ltr'>Philosophiam</span> <span class='ocrx_word' id='word_1_44' title='bbox 840 1219 909 1270; x_wconf 88' lang='lat' dir='ltr'>non</span> <span class='ocrx_word' id='word_1_45' title='bbox 934 1223 992 1272; x_wconf 90' lang='lat' dir='ltr'>sn·</span> 
     </span>
     <span class='ocr_line' id='line_1_9' title="bbox 62 1317 992 1400; baseline 0.008 -18"><span class='ocrx_word' id='word_1_46' title='bbox 62 1317 122 1382; x_wconf 76' lang='lat' dir='ltr'>lu·</span> <span class='ocrx_word' id='word_1_47' title='bbox 148 1335 279 1384; x_wconf 79' lang='lat' dir='ltr'>suavem</span> <span class='ocrx_word' id='word_1_48' title='bbox 300 1329 335 1382; x_wconf 85' lang='lat' dir='ltr'>et</span> <span class='ocrx_word' id='word_1_49' title='bbox 355 1317 556 1400; x_wconf 84' lang='lat' dir='ltr'>jucundum,</span> <span class='ocrx_word' id='word_1_50' title='bbox 580 1334 689 1382; x_wconf 84' lang='lat' dir='ltr'>verum</span> <span class='ocrx_word' id='word_1_51' title='bbox 715 1319 808 1384; x_wconf 88' lang='lat' dir='ltr'>etlam</span> <span class='ocrx_word' id='word_1_52' title='bbox 826 1322 938 1388; x_wconf 85' lang='lat' dir='ltr'>utilem</span> <span class='ocrx_word' id='word_1_53' title='bbox 956 1333 992 1390; x_wconf 85' lang='lat' dir='ltr'>et</span> 
     </span>
     <span class='ocr_line' id='line_1_10' title="bbox 61 1419 994 1520; baseline 0.003 -22"><span class='ocrx_word' id='word_1_54' title='bbox 61 1430 250 1498; x_wconf 83' lang='lat' dir='ltr'>fructuosam</span> <span class='ocrx_word' id='word_1_55' title='bbox 267 1431 383 1517; x_wconf 82' lang='lat' dir='ltr'>generi</span> <span class='ocrx_word' id='word_1_56' title='bbox 402 1429 543 1498; x_wconf 87' lang='lat' dir='ltr'>humano</span> <span class='ocrx_word' id='word_1_57' title='bbox 561 1431 709 1500; x_wconf 85' lang='lat' dir='ltr'>reddunt.</span> <span class='ocrx_word' id='word_1_58' title='bbox 755 1419 856 1520; x_wconf 85' lang='lat' dir='ltr'>Quod</span> <span class='ocrx_word' id='word_1_59' title='bbox 873 1445 910 1498; x_wconf 90' lang='lat' dir='ltr'>ut</span> <span class='ocrx_word' id='word_1_60' title='bbox 926 1435 994 1501; x_wconf 89' lang='lat' dir='ltr'>cla·</span> 
     </span>
     <span class='ocr_line' id='line_1_11' title="bbox 58 1545 992 1632; baseline 0.009 -20"><span class='ocrx_word' id='word_1_61' title='bbox 58 1565 122 1612; x_wconf 85' lang='lat' dir='ltr'>rum</span> <span class='ocrx_word' id='word_1_62' title='bbox 143 1547 224 1629; x_wconf 86' lang='lat' dir='ltr'>liat,</span> <span class='ocrx_word' id='word_1_63' title='bbox 244 1545 496 1630; x_wconf 71' lang='lat' dir='ltr'>Philosophum</span> <span class='ocrx_word' id='word_1_64' title='bbox 521 1545 620 1613; x_wconf 87' lang='lat' dir='ltr'>nohis</span> <span class='ocrx_word' id='word_1_65' title='bbox 645 1567 818 1632; x_wconf 80' lang='lat' dir='ltr'>parumper</span> <span class='ocrx_word' id='word_1_66' title='bbox 832 1549 941 1616; x_wconf 90' lang='lat' dir='ltr'>aniruo</span> <span class='ocrx_word' id='word_1_67' title='bbox 956 1567 992 1620; x_wconf 87' lang='lat' dir='ltr'>et</span> 
     </span>
     <span class='ocr_line' id='line_1_12' title="bbox 57 1663 990 1751; baseline 0.002 -17"><span class='ocrx_word' id='word_1_68' title='bbox 57 1664 245 1748; x_wconf 69' lang='lat' dir='ltr'>cogitatione</span> <span class='ocrx_word' id='word_1_69' title='bbox 264 1665 448 1751; x_wconf 77' lang='lat' dir='ltr'>fingamus.</span> <span class='ocrx_word' id='word_1_70' title='bbox 491 1663 635 1732; x_wconf 88' lang='lat' dir='ltr'>Primum</span> <span class='ocrx_word' id='word_1_71' title='bbox 658 1665 756 1748; x_wconf 84' lang='lat' dir='ltr'>igitur</span> <span class='ocrx_word' id='word_1_72' title='bbox 774 1683 849 1732; x_wconf 82' lang='lat' dir='ltr'>cum</span> <span class='ocrx_word' id='word_1_73' title='bbox 875 1685 990 1736; x_wconf 76' lang='lat' dir='ltr'>omnes</span> 
     </span>
     <span class='ocr_line' id='line_1_13' title="bbox 59 1780 992 1868; baseline 0.01 -27"><span class='ocrx_word' id='word_1_74' title='bbox 59 1794 132 1858; x_wconf 82' lang='lat' dir='ltr'>rra,</span> <span class='ocrx_word' id='word_1_75' title='bbox 159 1799 234 1862; x_wconf 80' lang='lat' dir='ltr'>quac</span> <span class='ocrx_word' id='word_1_76' title='bbox 267 1781 509 1862; x_wconf 77' lang='lat' dir='ltr'>Philosophiae</span> <span class='ocrx_word' id='word_1_77' title='bbox 531 1780 695 1868; x_wconf 84' lang='lat' dir='ltr'>subjectae</span> <span class='ocrx_word' id='word_1_78' title='bbox 728 1795 829 1864; x_wconf 87' lang='lat' dir='ltr'>suut,</span> <span class='ocrx_word' id='word_1_79' title='bbox 861 1783 902 1848; x_wconf 90' lang='lat' dir='ltr'>ad</span> <span class='ocrx_word' id='word_1_80' title='bbox 929 1781 992 1850; x_wconf 82' lang='lat' dir='ltr'>tria</span> 
     </span>
    </p>

    <p class='ocr_par' dir='ltr' id='par_1_4' title="bbox 6 1884 992 2104">
     <span class='ocr_line' id='line_1_14' title="bbox 6 1884 992 1984; baseline -0.006 -14"><span class='ocrx_word' id='word_1_81' title='bbox 6 1884 8 1970; x_wconf 66' lang='lat' dir='ltr'>i</span> <span class='ocrx_word' id='word_1_82' title='bbox 61 1894 240 1967; x_wconf 77' lang='lat' dir='ltr'>universalia</span> <span class='ocrx_word' id='word_1_83' title='bbox 279 1895 430 1966; x_wconf 86' lang='lat' dir='ltr'>revocari</span> <span class='ocrx_word' id='word_1_84' title='bbox 468 1894 597 1980; x_wconf 83' lang='lat' dir='ltr'>possint</span> <span class='ocrx_word' id='word_1_85' title='bbox 623 1895 751 1980; x_wconf 87' lang='lat' dir='ltr'>capita,</span> <span class='ocrx_word' id='word_1_86' title='bbox 781 1897 821 1964; x_wconf 88' lang='lat' dir='ltr'>ad</span> <span class='ocrx_word' id='word_1_87' title='bbox 851 1914 992 1984; x_wconf 86' lang='lat' dir='ltr'>verum,</span> 
     </span>
     <span class='ocr_line' id='line_1_15' title="bbox 57 2014 990 2104; baseline 0.004 -22"><span class='ocrx_word' id='word_1_88' title='bbox 57 2015 194 2100; x_wconf 53' lang='lat' dir='ltr'>hunnum</span> <span class='ocrx_word' id='word_1_89' title='bbox 224 2029 259 2084; x_wconf 87' lang='lat' dir='ltr'>ct</span> <span class='ocrx_word' id='word_1_90' title='bbox 289 2016 490 2100; x_wconf 88' lang='lat' dir='ltr'>pulchrum,</span> <span class='ocrx_word' id='word_1_91' title='bbox 520 2029 636 2086; x_wconf 85' lang='lat' dir='ltr'>noscat</span> <span class='ocrx_word' id='word_1_92' title='bbox 670 2015 747 2082; x_wconf 84' lang='lat' dir='ltr'>haec</span> <span class='ocrx_word' id='word_1_93' title='bbox 781 2014 839 2082; x_wconf 88' lang='lat' dir='ltr'>tria</span> <span class='ocrx_word' id='word_1_94' title='bbox 861 2034 990 2104; x_wconf 76' lang='lat' dir='ltr'>genera.</span> 
     </span>
    </p>

    <p class='ocr_par' dir='ltr' id='par_1_5' title="bbox 3 2128 991 2800">
     <span class='ocr_line' id='line_1_16' title="bbox 3 2128 991 2238; baseline 0.009 -44"><span class='ocrx_word' id='word_1_95' title='bbox 3 2128 4 2194; x_wconf 88' lang='lat' dir='ltr'>l</span> <span class='ocrx_word' id='word_1_96' title='bbox 58 2129 252 2215; x_wconf 82' lang='lat' dir='ltr'>Quanquam</span> <span class='ocrx_word' id='word_1_97' title='bbox 275 2131 349 2198; x_wconf 79' lang='lat' dir='ltr'>ab·</span> <span class='ocrx_word' id='word_1_98' title='bbox 340 2129 515 2198; x_wconf 74' lang='lat' dir='ltr'>innumeris</span> <span class='ocrx_word' id='word_1_99' title='bbox 537 2129 599 2238; x_wconf 81' lang='lat' dir='ltr'>jam</span> <span class='ocrx_word' id='word_1_100' title='bbox 628 2128 720 2198; x_wconf 86' lang='lat' dir='ltr'>annis</span> <span class='ocrx_word' id='word_1_101' title='bbox 745 2149 849 2214; x_wconf 86' lang='lat' dir='ltr'>usque</span> <span class='ocrx_word' id='word_1_102' title='bbox 872 2134 913 2199; x_wconf 88' lang='lat' dir='ltr'>ad</span> <span class='ocrx_word' id='word_1_103' title='bbox 928 2149 991 2202; x_wconf 89' lang='lat' dir='ltr'>uo·</span> 
     </span>
     <span class='ocr_line' id='line_1_17' title="bbox 3 2245 991 2330; baseline 0.003 -13"><span class='ocrx_word' id='word_1_104' title='bbox 3 2264 4 2317; x_wconf 88' lang='lat' dir='ltr'>l</span> <span class='ocrx_word' id='word_1_105' title='bbox 63 2261 152 2314; x_wconf 82' lang='lat' dir='ltr'>atram</span> <span class='ocrx_word' id='word_1_106' title='bbox 168 2249 232 2318; x_wconf 88' lang='lat' dir='ltr'>iere</span> <span class='ocrx_word' id='word_1_107' title='bbox 262 2261 401 2316; x_wconf 84' lang='lat' dir='ltr'>aetatem</span> <span class='ocrx_word' id='word_1_108' title='bbox 427 2247 478 2314; x_wconf 91' lang='lat' dir='ltr'>hic</span> <span class='ocrx_word' id='word_1_109' title='bbox 496 2264 584 2313; x_wconf 92' lang='lat' dir='ltr'>error</span> <span class='ocrx_word' id='word_1_110' title='bbox 607 2245 764 2330; x_wconf 88' lang='lat' dir='ltr'>invaluit,</span> <span class='ocrx_word' id='word_1_111' title='bbox 786 2263 824 2316; x_wconf 91' lang='lat' dir='ltr'>ut</span> <span class='ocrx_word' id='word_1_112' title='bbox 841 2249 991 2320; x_wconf 86' lang='lat' dir='ltr'>doctrina</span> 
     </span>
     <span class='ocr_line' id='line_1_18' title="bbox 56 2363 990 2452; baseline 0.007 -22"><span class='ocrx_word' id='word_1_113' title='bbox 56 2365 95 2430; x_wconf 88' lang='lat' dir='ltr'>dr</span> <span class='ocrx_word' id='word_1_114' title='bbox 108 2365 241 2448; x_wconf 89' lang='lat' dir='ltr'>pulchro</span> <span class='ocrx_word' id='word_1_115' title='bbox 261 2363 382 2445; x_wconf 84' lang='lat' dir='ltr'>potius</span> <span class='ocrx_word' id='word_1_116' title='bbox 410 2363 450 2432; x_wconf 89' lang='lat' dir='ltr'>ad</span> <span class='ocrx_word' id='word_1_117' title='bbox 474 2363 565 2434; x_wconf 90' lang='lat' dir='ltr'>aliam</span> <span class='ocrx_word' id='word_1_118' title='bbox 587 2365 738 2448; x_wconf 78' lang='lat' dir='ltr'>quumvis</span> <span class='ocrx_word' id='word_1_119' title='bbox 756 2365 990 2452; x_wconf 79' lang='lat' dir='ltr'>disciplinam,</span> 
     </span>
     <span class='ocr_line' id='line_1_19' title="bbox 54 2477 991 2564; baseline 0.009 -18"><span class='ocrx_word' id='word_1_120' title='bbox 54 2497 144 2561; x_wconf 81' lang='lat' dir='ltr'>quam</span> <span class='ocrx_word' id='word_1_121' title='bbox 165 2483 207 2548; x_wconf 89' lang='lat' dir='ltr'>ad</span> <span class='ocrx_word' id='word_1_122' title='bbox 241 2477 517 2560; x_wconf 82' lang='lat' dir='ltr'>Philosophiam,</span> <span class='ocrx_word' id='word_1_123' title='bbox 556 2478 711 2560; x_wconf 85' lang='lat' dir='ltr'>pertinere</span> <span class='ocrx_word' id='word_1_124' title='bbox 744 2497 887 2564; x_wconf 87' lang='lat' dir='ltr'>putetur.</span> <span class='ocrx_word' id='word_1_125' title='bbox 938 2486 991 2554; x_wconf 76' lang='lat' dir='ltr'>Aa</span> 
     </span>
     <span class='ocr_line' id='line_1_20' title="bbox 52 2593 991 2681; baseline 0.009 -19"><span class='ocrx_word' id='word_1_126' title='bbox 52 2595 165 2662; x_wconf 74' lang='lat' dir='ltr'>viderat</span> <span class='ocrx_word' id='word_1_127' title='bbox 185 2595 260 2681; x_wconf 85' lang='lat' dir='ltr'>janu</span> <span class='ocrx_word' id='word_1_128' title='bbox 290 2593 523 2674; x_wconf 81' lang='lat' dir='ltr'>Anaxagoras,</span> <span class='ocrx_word' id='word_1_129' title='bbox 546 2611 618 2658; x_wconf 84' lang='lat' dir='ltr'>esre</span> <span class='ocrx_word' id='word_1_130' title='bbox 644 2595 855 2663; x_wconf 84' lang='lat' dir='ltr'>universalem</span> <span class='ocrx_word' id='word_1_131' title='bbox 882 2617 991 2680; x_wconf 58' lang='lat' dir='ltr'>quana</span> 
     </span>
     <span class='ocr_line' id='line_1_21' title="bbox 57 2707 988 2800; baseline 0.004 -24"><span class='ocrx_word' id='word_1_132' title='bbox 57 2713 118 2776; x_wconf 79' lang='lat' dir='ltr'>dnm</span> <span class='ocrx_word' id='word_1_133' title='bbox 144 2712 325 2780; x_wconf 89' lang='lat' dir='ltr'>notionem</span> <span class='ocrx_word' id='word_1_134' title='bbox 352 2727 388 2776; x_wconf 87' lang='lat' dir='ltr'>ac</span> <span class='ocrx_word' id='word_1_135' title='bbox 414 2707 481 2775; x_wconf 87' lang='lat' dir='ltr'>vim</span> <span class='ocrx_word' id='word_1_136' title='bbox 505 2709 789 2794; x_wconf 89' lang='lat' dir='ltr'>pulchritudinis,</span> <span class='ocrx_word' id='word_1_137' title='bbox 824 2733 906 2796; x_wconf 86' lang='lat' dir='ltr'>quac</span> <span class='ocrx_word' id='word_1_138' title='bbox 929 2735 988 2800; x_wconf 86' lang='lat' dir='ltr'>pcc</span> 
     </span>
    </p>

    <p class='ocr_par' dir='ltr' id='par_1_6' title="bbox 12 2823 994 3380">
     <span class='ocr_line' id='line_1_22' title="bbox 12 2823 994 2916; baseline -0.001 -17"><span class='ocrx_word' id='word_1_139' title='bbox 12 2841 13 2850; x_wconf 76' lang='grc'>’</span> <span class='ocrx_word' id='word_1_140' title='bbox 59 2843 149 2898; x_wconf 80' lang='lat' dir='ltr'>turam</span> <span class='ocrx_word' id='word_1_141' title='bbox 167 2846 282 2898; x_wconf 86' lang='lat' dir='ltr'>rerum</span> <span class='ocrx_word' id='word_1_142' title='bbox 300 2841 450 2898; x_wconf 78' lang='lat' dir='ltr'>naturam</span> <span class='ocrx_word' id='word_1_143' title='bbox 466 2825 545 2894; x_wconf 85' lang='lat' dir='ltr'>aueo</span> <span class='ocrx_word' id='word_1_144' title='bbox 560 2823 677 2897; x_wconf 84' lang='lat' dir='ltr'>diffusa</span> <span class='ocrx_word' id='word_1_145' title='bbox 690 2829 754 2910; x_wconf 86' lang='lat' dir='ltr'>eit,</span> <span class='ocrx_word' id='word_1_146' title='bbox 775 2843 812 2894; x_wconf 92' lang='lat' dir='ltr'>ut</span> <span class='ocrx_word' id='word_1_147' title='bbox 827 2828 861 2896; x_wconf 90' lang='lat' dir='ltr'>in</span> <span class='ocrx_word' id='word_1_148' title='bbox 872 2831 994 2916; x_wconf 74' lang='lat' dir='ltr'>singu-</span> 
     </span>
     <span class='ocr_line' id='line_1_23' title="bbox 60 2943 992 3027; baseline 0.001 -13"><span class='ocrx_word' id='word_1_149' title='bbox 60 2947 101 3014; x_wconf 83' lang='lat' dir='ltr'>las</span> <span class='ocrx_word' id='word_1_150' title='bbox 117 2947 345 3027; x_wconf 83' lang='lat' dir='ltr'>minimasque</span> <span class='ocrx_word' id='word_1_151' title='bbox 365 2961 416 3008; x_wconf 85' lang='lat' dir='ltr'>res</span> <span class='ocrx_word' id='word_1_152' title='bbox 439 2943 574 3026; x_wconf 83' lang='lat' dir='ltr'>influat,</span> <span class='ocrx_word' id='word_1_153' title='bbox 604 2964 671 3016; x_wconf 85' lang='lat' dir='ltr'>earn</span> <span class='ocrx_word' id='word_1_154' title='bbox 695 2944 850 3012; x_wconf 87' lang='lat' dir='ltr'>diuersam</span> <span class='ocrx_word' id='word_1_155' title='bbox 871 2965 942 3016; x_wconf 87' lang='lat' dir='ltr'>esse</span> <span class='ocrx_word' id='word_1_156' title='bbox 967 2968 992 3022; x_wconf 83' lang='lat' dir='ltr'>a·-</span> 
     </span>
     <span class='ocr_line' id='line_1_24' title="bbox 65 3056 991 3147; baseline -0.013 -13"><span class='ocrx_word' id='word_1_157' title='bbox 65 3067 160 3147; x_wconf 86' lang='lat' dir='ltr'>hnno,</span> <span class='ocrx_word' id='word_1_158' title='bbox 180 3081 289 3145; x_wconf 78' lang='lat' dir='ltr'>vero,</span> <span class='ocrx_word' id='word_1_159' title='bbox 316 3077 353 3126; x_wconf 88' lang='lat' dir='ltr'>ac</span> <span class='ocrx_word' id='word_1_160' title='bbox 372 3056 537 3142; x_wconf 84' lang='lat' dir='ltr'>perlecto,</span> <span class='ocrx_word' id='word_1_161' title='bbox 557 3058 786 3143; x_wconf 86' lang='lat' dir='ltr'>propriamque</span> <span class='ocrx_word' id='word_1_162' title='bbox 802 3061 867 3126; x_wconf 90' lang='lat' dir='ltr'>sibi</span> <span class='ocrx_word' id='word_1_163' title='bbox 883 3063 991 3128; x_wconf 73' lang='lat' dir='ltr'>aede.</span> 
     </span>
     <span class='ocr_line' id='line_1_25' title="bbox 68 3174 992 3260; baseline -0.006 -10"><span class='ocrx_word' id='word_1_164' title='bbox 68 3183 172 3252; x_wconf 87' lang='lat' dir='ltr'>initam</span> <span class='ocrx_word' id='word_1_165' title='bbox 188 3181 316 3250; x_wconf 88' lang='lat' dir='ltr'>habere</span> <span class='ocrx_word' id='word_1_166' title='bbox 333 3175 522 3244; x_wconf 74' lang='lat' dir='ltr'>maeotium.</span> <span class='ocrx_word' id='word_1_167' title='bbox 557 3174 737 3242; x_wconf 82' lang='lat' dir='ltr'>indevotio</span> <span class='ocrx_word' id='word_1_168' title='bbox 753 3177 992 3260; x_wconf 79' lang='lat' dir='ltr'>elegantiorum</span> 
     </span>
     <span class='ocr_line' id='line_1_26' title="bbox 69 3285 987 3380; baseline 0 -19"><span class='ocrx_word' id='word_1_169' title='bbox 69 3303 222 3374; x_wconf 73' lang='lat' dir='ltr'>honarum</span> <span class='ocrx_word' id='word_1_170' title='bbox 250 3309 375 3380; x_wconf 78' lang='lat' dir='ltr'>genera</span> <span class='ocrx_word' id='word_1_171' title='bbox 393 3290 562 3356; x_wconf 82' lang='lat' dir='ltr'>oriunturr</span> <span class='ocrx_word' id='word_1_172' title='bbox 586 3288 663 3358; x_wconf 90' lang='lat' dir='ltr'>inde</span> <span class='ocrx_word' id='word_1_173' title='bbox 688 3285 808 3370; x_wconf 87' lang='lat' dir='ltr'>officii,</span> <span class='ocrx_word' id='word_1_174' title='bbox 829 3290 987 3378; x_wconf 84' lang='lat' dir='ltr'>virtutis,</span> 
     </span>
    </p>

    <p class='ocr_par' dir='ltr' id='par_1_7' title="bbox 19 3399 995 3854">
     <span class='ocr_line' id='line_1_27' title="bbox 19 3399 987 3498; baseline -0.001 -25"><span class='ocrx_word' id='word_1_175' title='bbox 19 3399 21 3491; x_wconf 69' lang='lat' dir='ltr'>i</span> <span class='ocrx_word' id='word_1_176' title='bbox 79 3431 145 3498; x_wconf 50' lang='lat' dir='ltr'>aare</span> <span class='ocrx_word' id='word_1_177' title='bbox 158 3407 356 3486; x_wconf 70' lang='lat' dir='ltr'>honestatis</span> <span class='ocrx_word' id='word_1_178' title='bbox 372 3403 455 3476; x_wconf 82' lang='lat' dir='ltr'>ratio</span> <span class='ocrx_word' id='word_1_179' title='bbox 475 3403 640 3485; x_wconf 81' lang='lat' dir='ltr'>nascitur,</span> <span class='ocrx_word' id='word_1_180' title='bbox 666 3419 762 3484; x_wconf 85' lang='lat' dir='ltr'>quam</span> <span class='ocrx_word' id='word_1_181' title='bbox 778 3403 843 3470; x_wconf 86' lang='lat' dir='ltr'>nisi</span> <span class='ocrx_word' id='word_1_182' title='bbox 857 3423 915 3474; x_wconf 88' lang='lat' dir='ltr'>aut</span> <span class='ocrx_word' id='word_1_183' title='bbox 933 3425 987 3481; x_wconf 86' lang='lat' dir='ltr'>to.</span> 
     </span>
     <span class='ocr_line' id='line_1_28' title="bbox 83 3517 995 3612; baseline -0.007 -18"><span class='ocrx_word' id='word_1_184' title='bbox 83 3541 138 3612; x_wconf 81' lang='lat' dir='ltr'>rar,</span> <span class='ocrx_word' id='word_1_185' title='bbox 152 3545 206 3602; x_wconf 86' lang='lat' dir='ltr'>aut</span> <span class='ocrx_word' id='word_1_186' title='bbox 232 3524 404 3612; x_wconf 85' lang='lat' dir='ltr'>majorem</span> <span class='ocrx_word' id='word_1_187' title='bbox 427 3533 569 3604; x_wconf 74' lang='lat' dir='ltr'>partem,</span> <span class='ocrx_word' id='word_1_188' title='bbox 590 3539 629 3588; x_wconf 81' lang='lat' dir='ltr'>ex</span> <span class='ocrx_word' id='word_1_189' title='bbox 645 3521 708 3587; x_wconf 89' lang='lat' dir='ltr'>hoc</span> <span class='ocrx_word' id='word_1_190' title='bbox 726 3517 820 3588; x_wconf 89' lang='lat' dir='ltr'>fonte</span> <span class='ocrx_word' id='word_1_191' title='bbox 839 3523 960 3590; x_wconf 87' lang='lat' dir='ltr'>derivet</span> <span class='ocrx_word' id='word_1_192' title='bbox 971 3573 995 3608; x_wconf 82' lang='lat'>„</span> 
     </span>
     <span class='ocr_line' id='line_1_29' title="bbox 83 3637 989 3721; baseline 0.002 -9"><span class='ocrx_word' id='word_1_193' title='bbox 83 3651 152 3718; x_wconf 81' lang='lat' dir='ltr'>reci</span> <span class='ocrx_word' id='word_1_194' title='bbox 172 3652 345 3720; x_wconf 75' lang='lat' dir='ltr'>mutarem</span> <span class='ocrx_word' id='word_1_195' title='bbox 374 3637 510 3720; x_wconf 83' lang='lat' dir='ltr'>efficiar,</span> <span class='ocrx_word' id='word_1_196' title='bbox 532 3656 613 3721; x_wconf 88' lang='lat' dir='ltr'>quae</span> <span class='ocrx_word' id='word_1_197' title='bbox 634 3657 745 3721; x_wconf 87' lang='lat' dir='ltr'>parum</span> <span class='ocrx_word' id='word_1_198' title='bbox 766 3637 834 3708; x_wconf 80' lang='lat' dir='ltr'>loro</span> <span class='ocrx_word' id='word_1_199' title='bbox 856 3645 989 3714; x_wconf 81' lang='lat' dir='ltr'>nornine</span> 
     </span>
     <span class='ocr_line' id='line_1_30' title="bbox 74 3753 990 3854; baseline -0.007 -27"><span class='ocrx_word' id='word_1_200' title='bbox 74 3762 323 3854; x_wconf 52' lang='lat' dir='ltr'>diffidam.</span> <span class='ocrx_word' id='word_1_201' title='bbox 372 3753 430 3828; x_wconf 74' lang='lat' dir='ltr'>hu</span> <span class='ocrx_word' id='word_1_202' title='bbox 453 3755 534 3830; x_wconf 86' lang='lat' dir='ltr'>hanc</span> <span class='ocrx_word' id='word_1_203' title='bbox 557 3759 765 3842; x_wconf 68' lang='lat' dir='ltr'>Anaxagorae</span> <span class='ocrx_word' id='word_1_204' title='bbox 789 3760 990 3848; x_wconf 76' lang='lat' dir='ltr'>descriptio.</span> 
     </span>
    </p>

    <p class='ocr_par' dir='ltr' id='par_1_8' title="bbox 912 3895 1105 3956">
     <span class='ocr_line' id='line_1_31' title="bbox 912 3895 1105 3956; baseline -0.021 1"><span class='ocrx_word' id='word_1_205' title='bbox 912 3895 989 3956; x_wconf 68' lang='lat' dir='ltr'>pem</span> <span class='ocrx_word' id='word_1_206' title='bbox 1102 3947 1105 3953; x_wconf 92' lang='lat'>.</span> 
     </span>
    </p>
   </div>
   <div class='ocr_carea' id='block_1_3' title="bbox 0 0 1178 4716">
    <p class='ocr_par' dir='ltr' id='par_1_9' title="bbox 0 0 1178 4716">
     <span class='ocr_line' id='line_1_32' title="bbox 0 0 1178 4716; baseline 0 1"><span class='ocrx_word' id='word_1_207' title='bbox 0 0 1178 4716; x_wconf 95' lang='lat' dir='ltr'> </span> 
     </span>
    </p>
   </div>
  </div>
 </body>
</html>
