2506 4712
253 281 325 364 „a
418 263 556 340 utra
592 263 637 339 n.
676 263 1026 342 nunuurnrn

257 471 504 546 comparentur,
527 455 682 541 pauciora
707 471 784 524 sane
807 455 983 540 ediderint,
1005 460 1186 548 &nqis

256 583 312 652 illa
331 578 420 648 omni
437 576 602 644 doetrinae
622 589 778 660 apparatu
804 573 978 656 absoluta,
1001 576 1075 644 suis
1099 580 1186 647 loeis

258 697 406 781 expleta,
435 691 542 777 omnis
578 689 725 756 materiae
756 687 858 754 veluti
890 705 965 752 eum
996 688 1189 772 pulvisculo
1244 753 1245 782 Τ

163 783 170 794 “
258 813 429 882 exhaustae
460 823 595 874 numero
638 805 805 886 modoque
845 806 1024 873 cumulata.
1077 807 1193 898 „Atqui

257 919 470 990 Ruhnkenina
499 916 695 984 Graecarum
726 914 981 998 Latinarumque
999 917 1189 989 ¹Literatrum

260 1051 379 1106 tantam
396 1033 562 1102 scientiam
582 1047 777 1102 consecutus
794 1047 866 1114 eat,
889 1048 926 1098 ut
947 1052 1058 1116 neque
1078 1038 1191 1105 cn'tiea

257 1149 431 1232 facultate,
453 1167 559 1232 neque
582 1149 752 1232 copiarum
780 1148 924 1216 ubertate
942 1164 975 1215 et
997 1153 1191 1236 amplitudi-

257 1285 321 1350 ne,
343 1268 494 1348 cuiquam
520 1276 576 1332 aut
600 1261 778 1344 aequalium
799 1281 854 1330 aut
875 1264 1020 1346 priorum
1041 1269 1188 1350 cederet;

259 1381 474 1466 Antiquitatis
490 1398 567 1447 vero
585 1393 617 1446 et
636 1379 818 1460 Historiae,
838 1398 911 1446 curn
931 1381 1089 1463 reliquae,
1109 1397 1185 1451 tum

161 1559 167 1570 .
257 1500 293 1568 in
318 1493 754 1580 primiaLitetariae,·quae
779 1494 891 1560 adres
915 1494 1187 1578 scriptaquehle·

257 1627 361 1680 terum
376 1611 629 1694 cognoscenda,
652 1627 827 1692 mumque
847 1611 995 1678 notitiam
1012 1631 1054 1678 err
1068 1614 1187 1680 abditis

258 1731 464 1812 antiquorum
493 1727 648 1794 librorum
675 1725 854 1796 recessibus
872 1727 1073 1804 excitandam
1091 1729 1186 1798 refer·

258 1855 333 1926 tur,
355 1859 452 1920 nemo
465 1837 527 1922 ipsi
541 1839 717 1922 comparari
737 1839 865 1922 possit,
886 1853 986 1922 atque
1010 1859 1088 1908 eum
1113 1844 1186 1910 dili·

259 1959 366 2042 gentis
390 1957 559 2042 copiisque
582 1955 744 2040 Fabricii,
779 1956 990 2024 subtilitatem
1013 1960 1187 2026 rationem·

258 2095 323 2160 que
345 2075 452 2162 Jonsii
485 2075 718 2160 conjungeret,
752 2090 929 2156 utrumque
961 2093 1039 2142 vero
1069 2076 1188 2146 critica
1246 2113 1247 2188 4

259 2189 416 2258 facultate
440 2205 513 2254 eum
533 2186 749 2280 amandandi,
780 2201 848 2252 tum
870 2187 1058 2272 judicandi,
1085 2190 1188 2276 longa
1246 2189 1247 2218 ¹

176 2281 178 2286 ¹
257 2307 419 2388 longeque
443 2315 619 2386 superaret.
673 2299 796 2368 Nullus
829 2316 908 2378 etat⁸
926 2301 1073 2380 Graecus
1088 2301 1189 2382 ‚Lati-

258 2431 388 2496 nusve,
408 2413 528 2492 Poeta,
550 2413 792 2498 Philosophus,
812 2412 1017 2500 Historiam,
1040 2417 1182 2504 Orator,

260 2526 691 2614 Rhetor„crammattcus,
722 2527 1012 2618 lexicographua,
1030 2534 1182 2600 Scholia·

256 2666 349 2735 ates,
370 2648 615 2719 commentator
630 2649 817 2719 Platonicus
846 2671 903 2722 aut
928 2655 1178 2738 Anatotelieus,
1247 2679 1248 2758 ἶ

258 2769 372 2838 nullus
387 2765 625 2852 cujuscumque
640 2765 764 2850 generis
782 2765 851 2834 siue
873 2769 981 2838 editus
1002 2773 1069 2837 sive
1084 2770 1189 2844 medi

261 2899 317 2954 tus
344 2885 512 2968 scriptor,
534 2882 622 2949 nulla
650 2885 787 2968 danique
813 2883 900 2953 docti
929 2889 1118 2958 historiolae
1139 2911 1189 2958 aa·

259 3003 406 3088 gunenti
422 3000 622 3084 inscriptio,
645 3001 772 3068 nullum
801 3004 935 3072 omnino
959 3007 1101 3075 eruditae
1114 3000 1188 3076 Anss

257 3117 421 3202 tiquitatis
445 3131 707 3201 mouumentum,
730 3118 810 3202 quin
834 3119 870 3188 id
894 3122 1092 3209 cognitum,
1122 3145 1184 3194 no·

258 3246 385 3314 tatum,
407 3245 655 3317 excerptumque
680 3232 714 3301 in
735 3233 921 3302 adversariis
938 3247 1078 3306 tenerett
1101 3239 1186 3306 unde

260 3349 383 3418 nullius
409 3365 475 3415 non
501 3347 625 3416 Veteris
644 3347 688 3416 rei
711 3349 893 3418 hominisve
914 3369 1094 3423 emortuam
1121 3373 1186 3422 me·

260 3467 393 3534 modam
416 3465 553 3531 excitare
572 3479 604 3531 et
629 3468 670 3534 ad
695 3467 778 3534 vitae
805 3469 908 3534 lucem
930 3487 1099 3554 revocare,
1123 3471 1186 3538 hu·

256 3581 379 3666 J'naque
394 3580 523 3664 sylvae,
546 3591 706 3662 tamquam
724 3581 850 3664 acervi,
871 3583 1021 3667 partibus
1037 3587 1185 3672 digera·

258 3696 310 3764 dis
338 3709 370 3760 et
395 3695 532 3764 invicem
560 3696 785 3784 conferendis,
816 3699 1001 3784 agitandis,
1024 3703 1184 3783 terendis,

260 3812 368 3884 abdita
388 3813 473 3900 ignia
486 3816 608 3887 semina
625 3817 756 3904 elicere,
777 3831 811 3886 et
831 3819 923 3904 quasi
944 3817 1049 3890 tatem
1070 3839 1183 3890 accen·

1127 3935 1183 4000 de·
