2580 4718
229 267 311 377 'pu
410 257 546 334 utun
583 255 627 328 n.
667 251 1019 328 unumunurn.-

250 455 425 534 dacumquc
450 442 660 514 celebriorum
685 461 742 528 per
765 445 932 529 Europam
969 442 1192 518 bibliotbeoai

252 581 346 649 mm,
369 565 454 631 unde
478 562 648 630 codicibus
669 579 780 645 parum
797 561 942 646 cognitis
960 573 1019 628 aut
1036 564 1184 632 nondum

251 659 367 763 editis,
390 683 423 748 in
443 681 546 744 lucem
566 677 792 762 protrahendis
808 675 938 744 Litctas
958 675 1188 762 iocupletaret.

292 801 365 888 Jam
384 799 473 866 edito
490 797 647 879 Timaeo,
671 795 848 881 impatiens
878 813 1008 880 morae,
1028 798 1197 883 propositi

252 919 353 1005 hujus
365 911 550 999 pudrteodi
568 928 698 997 tempus
718 929 817 996 porro
844 910 976 980 differre
985 915 1106 983 noluit.
1125 915 1195 1002 igi.

253 1017 309 1104 tur
324 1033 474 1118 proximo
491 1048 599 1112 anno,
623 1030 780 1118 (1755.)
801 1026 970 1096 Lutetiam
989 1029 1189 1098 Parisiorum

164 1157 167 1164 “
206 1143 224 1170 ”
255 1129 424 1239 profectus
442 1163 504 1218 est.
547 1145 635 1213 iit'ec
656 1147 740 1214 enim
760 1144 890 1212 rubium
908 1163 948 1214 ex
968 1163 1009 1213 eo
1027 1163 1141 1229 genere
1155 1161 1190 1214 ct

255 1265 512 1351 proximamur,
543 1275 576 1328 et
599 1260 700 1346 magis
726 1269 823 1342 quant
844 1275 956 1326 omncs
984 1261 1065 1327 aliae
1088 1262 1195 1328 abun·

257 1381 337 1450 dans
360 1373 624 1461 locupletissimis
654 1374 886 1444 bibliothecist
922 1393 1057 1460 quarunt
1081 1379 1101 1446 e
1128 1396 1196 1445 nu·

243 1483 348 1565 'mero
364 1496 444 1563 duae
467 1493 501 1560 in
524 1491 640 1577 prinis
657 1505 747 1559 erant
766 1489 1043 1576 frequentissimae
1066 1491 1193 1562 matru-

256 1611 486 1693 ctissimueqtrc
508 1606 653 1692 antiquis
683 1607 853 1676 codicibus
882 1594 1040 1692 scriptis:
1071 1609 1209 1694 altera‚'

256 1730 454 1816 cognomine
470 1726 601 1814 Regia:
623 1728 857 1796 alterationem·
877 1725 1039 1796 Germani
1053 1734 1091 1797 in
1107 1729 1198 1796 Pra-

256 1851 301 1916 εἰς
327 1846 451 1935 (ag),
473 1843 753 1912 Benedictinorunr
779 1845 798 1912 d
816 1843 1068 1930 congregatione
1084 1842 1197 1914 Sancti

258 1963 382 2034 Mauri.
428 1961 644 2045 Utramquee
671 1962 843 2048 catalogis
869 1961 914 2030 ita
937 1963 1002 2052 jam
1030 1967 1195 2052 cognitam

256 2095 524 2170 perspectamque
545 2079 682 2146 habebat
708 2078 952 2163 Rubnitcnius‚
981 2082 1071 2148 acsi
1094 2081 1129 2150 in
1154 2101 1195 2151 ea

256 2199 428 2269 babitaret.
463 2197 581 2281 Regiae
595 2194 831 2279 bibliothecae,
851 2196 958 2263 multo
977 2196 1074 2264 etiam
1095 2215 1193 2282 quana

259 2313 360 2380 aitera
390 2308 516 2376 ditioris
535 2291 584 2375 ⁴ac
617 2305 818 2393 refertioria,
851 2309 987 2394 scriptis
1023 2297 1193 2382 codicibus

261 2421 444 2513 praefectus
469 2435 535 2490 crat
553 2421 861 2509 capperonuerms,
893 2426 950 2508 qui
969 2425 1003 2494 in
1027 2427 1194 2511 plerisque
1274 2475 1275 2488 r

261 2559 376 2612 eorum
389 2539 593 2628 excerpendis
610 2556 666 2608 aut
681 2543 904 2612 describendis
920 2545 1027 2612 utilem
1036 2529 1194 2633 jarn'ope·

252 2665 331 2730 san
363 2671 533 2727 novaverat
559 2657 834 2744 Hemstcrbusio,
862 2661 1195 2746 Doruiliio,1tlber·

146 2770 149 2774 ’
256 2777 334 2860 tio,
357 2776 424 2862 ipsi
447 2774 665 2866 Ruhnkcnio,
688 2777 761 2846 aliis
778 2777 871 2846 item
911 2776 945 2846 ia
966 2779 1104 2848 oblatam
1124 2799 1195 2866 gra·

260 2891 327 2960 tiae
347 2893 423 2958 loco
440 2889 611 2974 pecuniam
630 2891 779 2976 solebat,
803 2909 839 2959 ut
861 2875 1050 2962 iilibcraiem
1075 2897 1194 2965 mercc-

262 3007 357 3086 dem,
387 3021 535 3089 spernere
557 3023 595 3072 ac
622 3024 795 3090 recusare,
826 3027 1003 3094 operaeque
1026 3027 1104 3078 suae
1122 3030 1196 3096 pre-

262 3123 348 3190 tium
373 3120 537 3188 aestimate
559 3135 648 3190 cetto
672 3123 833 3191 bonorum
856 3125 1012 3193 librorum
1032 3143 1196 3212 numero,

262 3236 440 3322 inprimis
469 3241 689 3322 exemplorum
715 3257 756 3308 ex
782 3241 918 3326 optimis
942 3241 1195 3312 recentissimis·

267 3371 333 3437 que
346 3351 499 3422 Veterum
523 3353 705 3423 ductorum
730 3356 946 3440 editionibus,
969 3357 1072 3426 veluti
1098 3357 1193 3428 Livii

262 3469 582 3557 Drakenborcbiani‚
609 3472 740 3559 Virgilii
761 3472 937 3559 ouidiquc
956 3487 989 3542 ct
1010 3474 1145 3544 aliorum
1174 3477 1196 3544 a

1109 3589 1195 3658 Bur·

302 3757 324 3836 (
332 3760 394 3838 ας)
413 3763 494 3824 Haec
513 3778 639 3838 magnam
660 3777 722 3826 ante
737 3779 848 3842 paucos
863 3779 950 3827 annor
965 3765 1100 3828 incendio
1124 3767 1200 3828 caia·

255 3861 387 3934 'mutent
406 3867 524 3930 subiisse
542 3865 640 3933 ierour.
