<?xml version="1.0" encoding="UTF-8"?>
<!DOCTYPE html PUBLIC "-//W3C//DTD XHTML 1.0 Transitional//EN"
    "http://www.w3.org/TR/xhtml1/DTD/xhtml1-transitional.dtd">
<html xmlns="http://www.w3.org/1999/xhtml" xml:lang="en" lang="en">
 <head>
  <title>
</title>
<meta http-equiv="Content-Type" content="text/html;charset=utf-8" />
  <meta name='ocr-system' content='tesseract 3.04.00' />
  <meta name='ocr-capabilities' content='ocr_page ocr_carea ocr_par ocr_line ocrx_word'/>
</head>
<body>
  <div class='ocr_page' id='page_1' title='image "./opusculavariiar01wyttgoog_0273.png"; bbox 0 0 2562 4708; ppageno 0'>
   <div class='ocr_carea' id='block_1_1' title="bbox 259 293 1026 424">
    <p class='ocr_par' dir='ltr' id='par_1_1' title="bbox 259 293 1026 424">
     <span class='ocr_line' id='line_1_1' title="bbox 259 293 1026 424; baseline 0.001 -26"><span class='ocrx_word' id='word_1_1' title='bbox 259 309 330 411; x_wconf 60' lang='lat' dir='ltr'>tir</span> <span class='ocrx_word' id='word_1_2' title='bbox 421 293 695 424; x_wconf 76' lang='lat' dir='ltr'>bunnrarro&#39;</span> <span class='ocrx_word' id='word_1_3' title='bbox 720 341 769 397; x_wconf 64' lang='lat' dir='ltr'>rx</span> <span class='ocrx_word' id='word_1_4' title='bbox 801 315 1026 399; x_wconf 81' lang='lat' dir='ltr'>uurrtnut</span> 
     </span>
    </p>
   </div>
   <div class='ocr_carea' id='block_1_2' title="bbox 146 513 1186 3044">
    <p class='ocr_par' dir='ltr' id='par_1_2' title="bbox 146 513 1186 2105">
     <span class='ocr_line' id='line_1_2' title="bbox 265 513 1186 614; baseline 0 -28"><span class='ocrx_word' id='word_1_5' title='bbox 265 538 350 600; x_wconf 88' lang='lat' dir='ltr'>rem,</span> <span class='ocrx_word' id='word_1_6' title='bbox 369 515 534 604; x_wconf 90' lang='lat' dir='ltr'>Julianum</span> <span class='ocrx_word' id='word_1_7' title='bbox 556 535 593 584; x_wconf 89' lang='lat' dir='ltr'>ac</span> <span class='ocrx_word' id='word_1_8' title='bbox 612 513 800 600; x_wconf 80' lang='lat' dir='ltr'>Synesium.</span> <span class='ocrx_word' id='word_1_9' title='bbox 844 513 927 584; x_wconf 86' lang='lat' dir='ltr'>Mox</span> <span class='ocrx_word' id='word_1_10' title='bbox 943 514 1042 614; x_wconf 82' lang='lat' dir='ltr'>aliurn</span> <span class='ocrx_word' id='word_1_11' title='bbox 1059 517 1186 602; x_wconf 87' lang='lat' dir='ltr'>qutesl·</span> 
     </span>
     <span class='ocr_line' id='line_1_3' title="bbox 262 633 1183 722; baseline -0.01 -15"><span class='ocrx_word' id='word_1_12' title='bbox 262 640 320 722; x_wconf 88' lang='lat' dir='ltr'>vi,</span> <span class='ocrx_word' id='word_1_13' title='bbox 344 639 380 704; x_wconf 90' lang='lat' dir='ltr'>in</span> <span class='ocrx_word' id='word_1_14' title='bbox 405 643 472 722; x_wconf 86' lang='lat' dir='ltr'>quo</span> <span class='ocrx_word' id='word_1_15' title='bbox 494 638 596 722; x_wconf 85' lang='lat' dir='ltr'>major</span> <span class='ocrx_word' id='word_1_16' title='bbox 611 633 850 718; x_wconf 76' lang='lat' dir='ltr'>perfectiorque</span> <span class='ocrx_word' id='word_1_17' title='bbox 873 635 1041 717; x_wconf 89' lang='lat' dir='ltr'>doctrina,</span> <span class='ocrx_word' id='word_1_18' title='bbox 1063 633 1183 701; x_wconf 89' lang='lat' dir='ltr'>certius</span> 
     </span>
     <span class='ocr_line' id='line_1_4' title="bbox 261 745 1182 836; baseline -0.002 -17"><span class='ocrx_word' id='word_1_19' title='bbox 261 752 385 836; x_wconf 80' lang='lat' dir='ltr'>ingenii</span> <span class='ocrx_word' id='word_1_20' title='bbox 421 749 576 834; x_wconf 89' lang='lat' dir='ltr'>prbulum</span> <span class='ocrx_word' id='word_1_21' title='bbox 605 749 740 815; x_wconf 89' lang='lat' dir='ltr'>inesset.</span> <span class='ocrx_word' id='word_1_22' title='bbox 794 747 858 815; x_wconf 90' lang='lat' dir='ltr'>Hic</span> <span class='ocrx_word' id='word_1_23' title='bbox 882 745 949 815; x_wconf 87' lang='lat' dir='ltr'>l&#39;uir</span> <span class='ocrx_word' id='word_1_24' title='bbox 975 749 1182 817; x_wconf 85' lang='lat' dir='ltr'>Plutarchus.</span> 
     </span>
     <span class='ocr_line' id='line_1_5' title="bbox 260 863 1185 967; baseline -0.005 -29"><span class='ocrx_word' id='word_1_25' title='bbox 260 872 330 960; x_wconf 88' lang='lat' dir='ltr'>Qui</span> <span class='ocrx_word' id='word_1_26' title='bbox 345 890 416 952; x_wconf 91' lang='lat' dir='ltr'>me,</span> <span class='ocrx_word' id='word_1_27' title='bbox 431 867 556 935; x_wconf 90' lang='lat' dir='ltr'>fatebor</span> <span class='ocrx_word' id='word_1_28' title='bbox 568 863 653 967; x_wconf 83' lang='lat' dir='ltr'>enim</span> <span class='ocrx_word' id='word_1_29' title='bbox 662 912 675 947; x_wconf 93' lang='lat'>,</span> <span class='ocrx_word' id='word_1_30' title='bbox 697 863 802 949; x_wconf 87' lang='lat' dir='ltr'>primo</span> <span class='ocrx_word' id='word_1_31' title='bbox 822 883 879 930; x_wconf 90' lang='lat' dir='ltr'>sua</span> <span class='ocrx_word' id='word_1_32' title='bbox 895 866 1030 948; x_wconf 90' lang='lat' dir='ltr'>quadarn</span> <span class='ocrx_word' id='word_1_33' title='bbox 1049 865 1185 934; x_wconf 89' lang='lat' dir='ltr'>diliicul·</span> 
     </span>
     <span class='ocr_line' id='line_1_6' title="bbox 258 978 1182 1074; baseline -0.011 -17"><span class='ocrx_word' id='word_1_34' title='bbox 258 1005 325 1058; x_wconf 87' lang='lat' dir='ltr'>tate</span> <span class='ocrx_word' id='word_1_35' title='bbox 348 985 530 1074; x_wconf 66' lang='lat' dir='ltr'>rejiciebam</span> <span class='ocrx_word' id='word_1_36' title='bbox 563 997 677 1066; x_wconf 86' lang='lat' dir='ltr'>postea</span> <span class='ocrx_word' id='word_1_37' title='bbox 710 1001 749 1048; x_wconf 89' lang='lat' dir='ltr'>eo</span> <span class='ocrx_word' id='word_1_38' title='bbox 776 978 877 1064; x_wconf 82' lang='lat' dir='ltr'>magis</span> <span class='ocrx_word' id='word_1_39' title='bbox 905 979 1087 1062; x_wconf 75' lang='lat' dir='ltr'><strong>alliciebat,</strong></span> <span class='ocrx_word' id='word_1_40' title='bbox 1116 998 1182 1063; x_wconf 89' lang='lat' dir='ltr'>qno</span> 
     </span>
     <span class='ocr_line' id='line_1_7' title="bbox 146 1095 1184 1190; baseline -0.014 -13"><span class='ocrx_word' id='word_1_41' title='bbox 146 1159 150 1177; x_wconf 90' lang='lat'>.</span> <span class='ocrx_word' id='word_1_42' title='bbox 260 1104 363 1190; x_wconf 85' lang='lat' dir='ltr'>magis</span> <span class='ocrx_word' id='word_1_43' title='bbox 380 1105 419 1171; x_wconf 93' lang='lat' dir='ltr'>ad</span> <span class='ocrx_word' id='word_1_44' title='bbox 435 1104 503 1187; x_wconf 80' lang='lat' dir='ltr'>ejus</span> <span class='ocrx_word' id='word_1_45' title='bbox 521 1099 766 1168; x_wconf 78' lang='lat' dir='ltr'>familiaritatem</span> <span class='ocrx_word' id='word_1_46' title='bbox 786 1095 985 1181; x_wconf 87' lang='lat' dir='ltr'>proficerem.</span> <span class='ocrx_word' id='word_1_47' title='bbox 1029 1096 1184 1164; x_wconf 84' lang='lat' dir='ltr'>Animad-</span> 
     </span>
     <span class='ocr_line' id='line_1_8' title="bbox 256 1209 1182 1300; baseline -0.014 -8"><span class='ocrx_word' id='word_1_48' title='bbox 256 1221 415 1292; x_wconf 86' lang='lat' dir='ltr'>vertebam</span> <span class='ocrx_word' id='word_1_49' title='bbox 437 1214 603 1300; x_wconf 89' lang='lat' dir='ltr'>quotidie,</span> <span class='ocrx_word' id='word_1_50' title='bbox 627 1220 776 1298; x_wconf 79' lang='lat' dir='ltr'>quantam</span> <span class='ocrx_word' id='word_1_51' title='bbox 800 1211 854 1278; x_wconf 89' lang='lat' dir='ltr'>illa</span> <span class='ocrx_word' id='word_1_52' title='bbox 878 1209 1120 1294; x_wconf 85' lang='lat' dir='ltr'>patefaciendae</span> <span class='ocrx_word' id='word_1_53' title='bbox 1131 1211 1182 1280; x_wconf 87' lang='lat' dir='ltr'>in·</span> 
     </span>
     <span class='ocr_line' id='line_1_9' title="bbox 238 1327 1178 1424; baseline -0.006 -18"><span class='ocrx_word' id='word_1_54' title='bbox 238 1337 449 1424; x_wconf 81' lang='lat' dir='ltr'>·telligenriae</span> <span class='ocrx_word' id='word_1_55' title='bbox 459 1333 651 1416; x_wconf 88' lang='lat' dir='ltr'>difficultas,</span> <span class='ocrx_word' id='word_1_56' title='bbox 667 1329 845 1418; x_wconf 81' lang='lat' dir='ltr'>patefactae</span> <span class='ocrx_word' id='word_1_57' title='bbox 860 1327 1047 1396; x_wconf 80' lang='lat' dir='ltr'>suavitatem</span> <span class='ocrx_word' id='word_1_58' title='bbox 1063 1329 1178 1400; x_wconf 74' lang='lat' dir='ltr'>ferrera</span> 
     </span>
     <span class='ocr_line' id='line_1_10' title="bbox 160 1443 1177 1540; baseline -0.002 -24"><span class='ocrx_word' id='word_1_59' title='bbox 160 1506 167 1516; x_wconf 95' lang='lat'><strong><em>.</em></strong></span> <span class='ocrx_word' id='word_1_60' title='bbox 257 1467 407 1540; x_wconf 90' lang='lat' dir='ltr'>quantam</span> <span class='ocrx_word' id='word_1_61' title='bbox 436 1449 492 1517; x_wconf 89' lang='lat' dir='ltr'>illa</span> <span class='ocrx_word' id='word_1_62' title='bbox 521 1447 711 1515; x_wconf 82' lang='lat' dir='ltr'>nominihus</span> <span class='ocrx_word' id='word_1_63' title='bbox 734 1443 908 1528; x_wconf 85' lang='lat' dir='ltr'>verbisque</span> <span class='ocrx_word' id='word_1_64' title='bbox 936 1459 968 1509; x_wconf 94' lang='lat' dir='ltr'>et</span> <span class='ocrx_word' id='word_1_65' title='bbox 995 1444 1120 1512; x_wconf 83' lang='lat' dir='ltr'>tralatis</span> <span class='ocrx_word' id='word_1_66' title='bbox 1144 1459 1177 1514; x_wconf 90' lang='lat' dir='ltr'>et</span> 
     </span>
     <span class='ocr_line' id='line_1_11' title="bbox 252 1564 1177 1650; baseline -0.006 -10"><span class='ocrx_word' id='word_1_67' title='bbox 252 1571 438 1640; x_wconf 85' lang='lat' dir='ltr'>efficacibus</span> <span class='ocrx_word' id='word_1_68' title='bbox 463 1567 602 1650; x_wconf 86' lang='lat' dir='ltr'>referta,</span> <span class='ocrx_word' id='word_1_69' title='bbox 624 1585 661 1632; x_wconf 92' lang='lat' dir='ltr'>ac</span> <span class='ocrx_word' id='word_1_70' title='bbox 685 1583 742 1648; x_wconf 92' lang='lat' dir='ltr'>per</span> <span class='ocrx_word' id='word_1_71' title='bbox 772 1564 955 1647; x_wconf 76' lang='lat' dir='ltr'>complures</span> <span class='ocrx_word' id='word_1_72' title='bbox 977 1566 1177 1634; x_wconf 82' lang='lat' dir='ltr'>enunciatio-</span> 
     </span>
     <span class='ocr_line' id='line_1_12' title="bbox 221 1683 1178 1780; baseline -0.005 -22"><span class='ocrx_word' id='word_1_73' title='bbox 221 1741 223 1744; x_wconf 84' lang='lat'>-</span> <span class='ocrx_word' id='word_1_74' title='bbox 253 1707 314 1758; x_wconf 87' lang='lat' dir='ltr'>nes</span> <span class='ocrx_word' id='word_1_75' title='bbox 329 1689 517 1756; x_wconf 89' lang='lat' dir='ltr'>continuata</span> <span class='ocrx_word' id='word_1_76' title='bbox 540 1683 643 1752; x_wconf 88' lang='lat' dir='ltr'>oratio</span> <span class='ocrx_word' id='word_1_77' title='bbox 665 1683 890 1780; x_wconf 79' lang='lat' dir='ltr'>praestantiam</span> <span class='ocrx_word' id='word_1_78' title='bbox 912 1683 1040 1752; x_wconf 89' lang='lat' dir='ltr'>baberet</span> <span class='ocrx_word' id='word_1_79' title='bbox 1059 1683 1178 1770; x_wconf 82' lang='lat' dir='ltr'>ligura·</span> 
     </span>
     <span class='ocr_line' id='line_1_13' title="bbox 252 1800 1179 1885; baseline -0.003 -13"><span class='ocrx_word' id='word_1_80' title='bbox 252 1823 324 1872; x_wconf 84' lang='lat' dir='ltr'>turn</span> <span class='ocrx_word' id='word_1_81' title='bbox 341 1821 373 1870; x_wconf 91' lang='lat' dir='ltr'>et</span> <span class='ocrx_word' id='word_1_82' title='bbox 390 1802 639 1881; x_wconf 90' lang='lat' dir='ltr'>sententiarum,</span> <span class='ocrx_word' id='word_1_83' title='bbox 660 1818 734 1865; x_wconf 92' lang='lat' dir='ltr'>cum</span> <span class='ocrx_word' id='word_1_84' title='bbox 755 1818 793 1867; x_wconf 90' lang='lat' dir='ltr'>ex</span> <span class='ocrx_word' id='word_1_85' title='bbox 818 1800 889 1884; x_wconf 89' lang='lat' dir='ltr'>ipsa</span> <span class='ocrx_word' id='word_1_86' title='bbox 914 1815 1027 1868; x_wconf 86' lang='lat' dir='ltr'>natura</span> <span class='ocrx_word' id='word_1_87' title='bbox 1049 1820 1179 1885; x_wconf 83' lang='lat' dir='ltr'>expres·</span> 
     </span>
     <span class='ocr_line' id='line_1_14' title="bbox 252 1913 1176 2003; baseline -0.003 -15"><span class='ocrx_word' id='word_1_88' title='bbox 252 1940 383 2003; x_wconf 89' lang='lat' dir='ltr'>aarum,</span> <span class='ocrx_word' id='word_1_89' title='bbox 414 1933 483 1985; x_wconf 91' lang='lat' dir='ltr'>rum</span> <span class='ocrx_word' id='word_1_90' title='bbox 511 1935 550 1983; x_wconf 89' lang='lat' dir='ltr'>ex</span> <span class='ocrx_word' id='word_1_91' title='bbox 583 1914 673 1985; x_wconf 91' lang='lat' dir='ltr'>omni</span> <span class='ocrx_word' id='word_1_92' title='bbox 695 1913 860 1982; x_wconf 86' lang='lat' dir='ltr'>doctrinas</span> <span class='ocrx_word' id='word_1_93' title='bbox 884 1933 998 2000; x_wconf 84' lang='lat' dir='ltr'>genere</span> <span class='ocrx_word' id='word_1_94' title='bbox 1023 1917 1176 1986; x_wconf 85' lang='lat' dir='ltr'>delibata·</span> 
     </span>
     <span class='ocr_line' id='line_1_15' title="bbox 248 2055 332 2105; baseline 0.012 -1"><span class='ocrx_word' id='word_1_95' title='bbox 248 2055 332 2105; x_wconf 89' lang='lat' dir='ltr'>rum.</span> 
     </span>
    </p>

    <p class='ocr_par' dir='ltr' id='par_1_3' title="bbox 169 2144 1175 3044">
     <span class='ocr_line' id='line_1_16' title="bbox 293 2144 1175 2236; baseline -0.005 -16"><span class='ocrx_word' id='word_1_96' title='bbox 293 2153 383 2236; x_wconf 85' lang='lat' dir='ltr'>Ergo</span> <span class='ocrx_word' id='word_1_97' title='bbox 409 2151 444 2215; x_wconf 89' lang='lat' dir='ltr'>ln</span> <span class='ocrx_word' id='word_1_98' title='bbox 468 2146 634 2214; x_wconf 89' lang='lat' dir='ltr'>Plutarchi</span> <span class='ocrx_word' id='word_1_99' title='bbox 649 2147 786 2214; x_wconf 90' lang='lat' dir='ltr'>lectione</span> <span class='ocrx_word' id='word_1_100' title='bbox 811 2144 1001 2229; x_wconf 80' lang='lat' dir='ltr'>pergebam,</span> <span class='ocrx_word' id='word_1_101' title='bbox 1023 2161 1054 2212; x_wconf 90' lang='lat' dir='ltr'>et</span> <span class='ocrx_word' id='word_1_102' title='bbox 1073 2147 1175 2216; x_wconf 82' lang='lat' dir='ltr'>indies</span> 
     </span>
     <span class='ocr_line' id='line_1_17' title="bbox 201 2261 1174 2351; baseline -0.002 -16"><span class='ocrx_word' id='word_1_103' title='bbox 201 2323 210 2346; x_wconf 85' lang='grc'><strong>.</strong></span> <span class='ocrx_word' id='word_1_104' title='bbox 249 2287 301 2336; x_wconf 90' lang='lat' dir='ltr'>me</span> <span class='ocrx_word' id='word_1_105' title='bbox 312 2266 413 2351; x_wconf 83' lang='lat' dir='ltr'>magis</span> <span class='ocrx_word' id='word_1_106' title='bbox 431 2266 595 2350; x_wconf 84' lang='lat' dir='ltr'>magisque</span> <span class='ocrx_word' id='word_1_107' title='bbox 611 2263 811 2331; x_wconf 85' lang='lat' dir='ltr'>insinuabam</span> <span class='ocrx_word' id='word_1_108' title='bbox 829 2263 863 2331; x_wconf 91' lang='lat' dir='ltr'>in</span> <span class='ocrx_word' id='word_1_109' title='bbox 875 2261 946 2350; x_wconf 78' lang='lat' dir='ltr'>ejus</span> <span class='ocrx_word' id='word_1_110' title='bbox 963 2264 1174 2334; x_wconf 89' lang='lat' dir='ltr'>consuetudi-</span> 
     </span>
     <span class='ocr_line' id='line_1_18' title="bbox 248 2379 1174 2471; baseline 0 -19"><span class='ocrx_word' id='word_1_111' title='bbox 248 2401 321 2471; x_wconf 85' lang='lat' dir='ltr'>nem</span> <span class='ocrx_word' id='word_1_112' title='bbox 333 2379 488 2462; x_wconf 91' lang='lat' dir='ltr'>ratioois,</span> <span class='ocrx_word' id='word_1_113' title='bbox 504 2381 681 2464; x_wconf 86' lang='lat' dir='ltr'>orationis,</span> <span class='ocrx_word' id='word_1_114' title='bbox 696 2379 880 2465; x_wconf 82' lang='lat' dir='ltr'>doctrinae3</span> <span class='ocrx_word' id='word_1_115' title='bbox 900 2381 987 2450; x_wconf 87' lang='lat' dir='ltr'>unde</span> <span class='ocrx_word' id='word_1_116' title='bbox 1000 2381 1117 2466; x_wconf 86' lang='lat' dir='ltr'>fiebat,</span> <span class='ocrx_word' id='word_1_117' title='bbox 1133 2399 1174 2452; x_wconf 93' lang='lat' dir='ltr'>ut</span> 
     </span>
     <span class='ocr_line' id='line_1_19' title="bbox 247 2495 1173 2580; baseline 0.004 -18"><span class='ocrx_word' id='word_1_118' title='bbox 247 2495 385 2562; x_wconf 82' lang='lat' dir='ltr'>subinde</span> <span class='ocrx_word' id='word_1_119' title='bbox 408 2497 461 2561; x_wconf 87' lang='lat' dir='ltr'>vel</span> <span class='ocrx_word' id='word_1_120' title='bbox 484 2495 554 2580; x_wconf 91' lang='lat' dir='ltr'>ipsa</span> <span class='ocrx_word' id='word_1_121' title='bbox 578 2496 676 2580; x_wconf 80' lang='lat' dir='ltr'>hujus</span> <span class='ocrx_word' id='word_1_122' title='bbox 703 2495 947 2565; x_wconf 88' lang='lat' dir='ltr'>consuetudinis</span> <span class='ocrx_word' id='word_1_123' title='bbox 968 2497 1173 2566; x_wconf 80' lang='lat' dir='ltr'>observatio·</span> 
     </span>
     <span class='ocr_line' id='line_1_20' title="bbox 169 2600 1168 2698; baseline -0.002 -18"><span class='ocrx_word' id='word_1_124' title='bbox 169 2600 171 2609; x_wconf 71' lang='grc'><strong>’</strong></span> <span class='ocrx_word' id='word_1_125' title='bbox 245 2632 307 2696; x_wconf 90' lang='lat' dir='ltr'>ne,</span> <span class='ocrx_word' id='word_1_126' title='bbox 337 2614 388 2680; x_wconf 85' lang='lat' dir='ltr'>vel</span> <span class='ocrx_word' id='word_1_127' title='bbox 421 2613 596 2697; x_wconf 90' lang='lat' dir='ltr'>Veterum,</span> <span class='ocrx_word' id='word_1_128' title='bbox 627 2631 713 2697; x_wconf 92' lang='lat' dir='ltr'>quos</span> <span class='ocrx_word' id='word_1_129' title='bbox 738 2614 952 2698; x_wconf 90' lang='lat' dir='ltr'>sequebatur,</span> <span class='ocrx_word' id='word_1_130' title='bbox 979 2611 1168 2697; x_wconf 86' lang='lat' dir='ltr'>Euripidis,</span> 
     </span>
     <span class='ocr_line' id='line_1_21' title="bbox 241 2720 1168 2811; baseline 0.001 -18"><span class='ocrx_word' id='word_1_131' title='bbox 241 2720 409 2811; x_wconf 85' lang='lat' dir='ltr'>Platonis,</span> <span class='ocrx_word' id='word_1_132' title='bbox 432 2727 587 2808; x_wconf 88' lang='lat' dir='ltr'>aliorum,</span> <span class='ocrx_word' id='word_1_133' title='bbox 609 2728 819 2809; x_wconf 87' lang='lat' dir='ltr'>auctoritate,</span> <span class='ocrx_word' id='word_1_134' title='bbox 840 2727 932 2796; x_wconf 86' lang='lat' dir='ltr'>locos</span> <span class='ocrx_word' id='word_1_135' title='bbox 949 2746 1025 2794; x_wconf 91' lang='lat' dir='ltr'>cum</span> <span class='ocrx_word' id='word_1_136' title='bbox 1053 2727 1168 2796; x_wconf 86' lang='lat' dir='ltr'>diffici-</span> 
     </span>
     <span class='ocr_line' id='line_1_22' title="bbox 241 2843 1167 2932; baseline 0.001 -23"><span class='ocrx_word' id='word_1_137' title='bbox 241 2845 289 2910; x_wconf 84' lang='lat' dir='ltr'>les</span> <span class='ocrx_word' id='word_1_138' title='bbox 317 2843 528 2927; x_wconf 85' lang='lat' dir='ltr'>explicarem,</span> <span class='ocrx_word' id='word_1_139' title='bbox 551 2857 619 2910; x_wconf 91' lang='lat' dir='ltr'>tum</span> <span class='ocrx_word' id='word_1_140' title='bbox 645 2857 818 2930; x_wconf 86' lang='lat' dir='ltr'>corruptos</span> <span class='ocrx_word' id='word_1_141' title='bbox 836 2844 1041 2912; x_wconf 87' lang='lat' dir='ltr'>emendarem.</span> <span class='ocrx_word' id='word_1_142' title='bbox 1090 2844 1167 2932; x_wconf 89' lang='lat' dir='ltr'>Qua</span> 
     </span>
     <span class='ocr_line' id='line_1_23' title="bbox 241 2957 1166 3044; baseline 0.008 -21"><span class='ocrx_word' id='word_1_143' title='bbox 241 2957 439 3027; x_wconf 85' lang='lat' dir='ltr'>inventionis</span> <span class='ocrx_word' id='word_1_144' title='bbox 454 2962 622 3044; x_wconf 88' lang='lat' dir='ltr'>voluptate</span> <span class='ocrx_word' id='word_1_145' title='bbox 643 2977 760 3044; x_wconf 88' lang='lat' dir='ltr'>captus</span> <span class='ocrx_word' id='word_1_146' title='bbox 779 2961 939 3029; x_wconf 89' lang='lat' dir='ltr'>constitui</span> <span class='ocrx_word' id='word_1_147' title='bbox 958 2961 1101 3029; x_wconf 87' lang='lat' dir='ltr'>studium</span> <span class='ocrx_word' id='word_1_148' title='bbox 1119 2961 1166 3030; x_wconf 87' lang='lat' dir='ltr'>ita</span> 
     </span>
    </p>
   </div>
   <div class='ocr_carea' id='block_1_3' title="bbox 137 3073 1171 3164">
    <p class='ocr_par' dir='ltr' id='par_1_4' title="bbox 137 3073 1171 3164">
     <span class='ocr_line' id='line_1_24' title="bbox 137 3073 1171 3164; baseline -0.001 -24"><span class='ocrx_word' id='word_1_149' title='bbox 137 3155 140 3164; x_wconf 88' lang='lat'>.</span> <span class='ocrx_word' id='word_1_150' title='bbox 240 3093 341 3156; x_wconf 92' lang='lat' dir='ltr'>porro</span> <span class='ocrx_word' id='word_1_151' title='bbox 364 3093 468 3142; x_wconf 92' lang='lat' dir='ltr'>meum</span> <span class='ocrx_word' id='word_1_152' title='bbox 491 3076 525 3143; x_wconf 91' lang='lat' dir='ltr'>in</span> <span class='ocrx_word' id='word_1_153' title='bbox 551 3077 609 3143; x_wconf 92' lang='lat' dir='ltr'>hac</span> <span class='ocrx_word' id='word_1_154' title='bbox 629 3097 726 3161; x_wconf 92' lang='lat' dir='ltr'>opera</span> <span class='ocrx_word' id='word_1_155' title='bbox 749 3079 930 3160; x_wconf 84' lang='lat' dir='ltr'>collocare,</span> <span class='ocrx_word' id='word_1_156' title='bbox 953 3089 991 3144; x_wconf 93' lang='lat' dir='ltr'>ut</span> <span class='ocrx_word' id='word_1_157' title='bbox 1007 3077 1077 3162; x_wconf 79' lang='lat' dir='ltr'>eiua</span> <span class='ocrx_word' id='word_1_158' title='bbox 1094 3073 1171 3141; x_wconf 88' lang='lat' dir='ltr'>fro.</span> 
     </span>
    </p>
   </div>
   <div class='ocr_carea' id='block_1_4' title="bbox 232 3181 1168 3954">
    <p class='ocr_par' dir='ltr' id='par_1_5' title="bbox 232 3181 1168 3858">
     <span class='ocr_line' id='line_1_25' title="bbox 242 3181 1168 3280; baseline 0.004 -26"><span class='ocrx_word' id='word_1_159' title='bbox 242 3181 330 3254; x_wconf 86' lang='lat' dir='ltr'>&#39;ctum</span> <span class='ocrx_word' id='word_1_160' title='bbox 349 3190 521 3276; x_wconf 89' lang='lat' dir='ltr'>aliquando</span> <span class='ocrx_word' id='word_1_161' title='bbox 538 3193 571 3260; x_wconf 95' lang='lat' dir='ltr'>in</span> <span class='ocrx_word' id='word_1_162' title='bbox 585 3185 748 3277; x_wconf 88' lang='lat' dir='ltr'>publicam</span> <span class='ocrx_word' id='word_1_163' title='bbox 766 3197 869 3262; x_wconf 90' lang='lat' dir='ltr'>lucem</span> <span class='ocrx_word' id='word_1_164' title='bbox 883 3191 1070 3280; x_wconf 84' lang='lat' dir='ltr'>proferrem.</span> <span class='ocrx_word' id='word_1_165' title='bbox 1088 3189 1168 3261; x_wconf 89' lang='lat' dir='ltr'>Hoc</span> 
     </span>
     <span class='ocr_line' id='line_1_26' title="bbox 239 3307 1161 3392; baseline 0.008 -22"><span class='ocrx_word' id='word_1_166' title='bbox 239 3307 400 3392; x_wconf 86' lang='lat' dir='ltr'>ejusmodi</span> <span class='ocrx_word' id='word_1_167' title='bbox 412 3324 498 3391; x_wconf 86' lang='lat' dir='ltr'>erar,</span> <span class='ocrx_word' id='word_1_168' title='bbox 522 3323 581 3391; x_wconf 89' lang='lat' dir='ltr'>ut,</span> <span class='ocrx_word' id='word_1_169' title='bbox 603 3312 654 3376; x_wconf 84' lang='lat' dir='ltr'>vel</span> <span class='ocrx_word' id='word_1_170' title='bbox 674 3311 977 3378; x_wconf 84' lang='lat' dir='ltr'>Animadversiones</span> <span class='ocrx_word' id='word_1_171' title='bbox 996 3307 1033 3376; x_wconf 88' lang='lat' dir='ltr'>in</span> <span class='ocrx_word' id='word_1_172' title='bbox 1050 3309 1161 3377; x_wconf 90' lang='lat' dir='ltr'>omnia</span> 
     </span>
     <span class='ocr_line' id='line_1_27' title="bbox 235 3419 1161 3514; baseline 0.003 -29"><span class='ocrx_word' id='word_1_173' title='bbox 235 3419 398 3514; x_wconf 76' lang='lat' dir='ltr'>Plutarchi</span> <span class='ocrx_word' id='word_1_174' title='bbox 426 3442 541 3507; x_wconf 88' lang='lat' dir='ltr'>opera,</span> <span class='ocrx_word' id='word_1_175' title='bbox 564 3427 615 3490; x_wconf 91' lang='lat' dir='ltr'>vel</span> <span class='ocrx_word' id='word_1_176' title='bbox 640 3443 740 3492; x_wconf 89' lang='lat' dir='ltr'>unum</span> <span class='ocrx_word' id='word_1_177' title='bbox 765 3425 903 3509; x_wconf 89' lang='lat' dir='ltr'>aliquem</span> <span class='ocrx_word' id='word_1_178' title='bbox 932 3421 1096 3490; x_wconf 89' lang='lat' dir='ltr'>Plutarchi</span> <span class='ocrx_word' id='word_1_179' title='bbox 1121 3423 1161 3489; x_wconf 92' lang='lat' dir='ltr'>li-</span> 
     </span>
     <span class='ocr_line' id='line_1_28' title="bbox 232 3519 1159 3624; baseline 0.01 -26"><span class='ocrx_word' id='word_1_180' title='bbox 232 3519 362 3600; x_wconf 66' lang='lat' dir='ltr'>bellum*</span> <span class='ocrx_word' id='word_1_181' title='bbox 381 3537 459 3604; x_wconf 88' lang='lat' dir='ltr'>meis</span> <span class='ocrx_word' id='word_1_182' title='bbox 484 3538 828 3610; x_wconf 82' lang='lat' dir='ltr'>Animadversionibus</span> <span class='ocrx_word' id='word_1_183' title='bbox 854 3539 1064 3624; x_wconf 83' lang='lat' dir='ltr'>expolitum,</span> <span class='ocrx_word' id='word_1_184' title='bbox 1086 3541 1159 3607; x_wconf 88' lang='lat' dir='ltr'>ede·</span> 
     </span>
     <span class='ocr_line' id='line_1_29' title="bbox 234 3652 1163 3743; baseline 0.008 -29"><span class='ocrx_word' id='word_1_185' title='bbox 234 3667 312 3717; x_wconf 90' lang='lat' dir='ltr'>rem.</span> <span class='ocrx_word' id='word_1_186' title='bbox 357 3652 450 3719; x_wconf 90' lang='lat' dir='ltr'>Prior</span> <span class='ocrx_word' id='word_1_187' title='bbox 474 3653 527 3719; x_wconf 87' lang='lat' dir='ltr'>illa</span> <span class='ocrx_word' id='word_1_188' title='bbox 546 3655 627 3720; x_wconf 91' lang='lat' dir='ltr'>ratio</span> <span class='ocrx_word' id='word_1_189' title='bbox 644 3657 785 3722; x_wconf 88' lang='lat' dir='ltr'>solutior</span> <span class='ocrx_word' id='word_1_190' title='bbox 800 3655 952 3723; x_wconf 89' lang='lat' dir='ltr'>scribenti</span> <span class='ocrx_word' id='word_1_191' title='bbox 968 3655 1163 3743; x_wconf 85' lang='lat' dir='ltr'>jucundior·</span> 
     </span>
     <span class='ocr_line' id='line_1_30' title="bbox 234 3769 1158 3858; baseline 0.008 -30"><span class='ocrx_word' id='word_1_192' title='bbox 234 3780 296 3843; x_wconf 93' lang='lat' dir='ltr'>que</span> <span class='ocrx_word' id='word_1_193' title='bbox 314 3782 399 3850; x_wconf 88' lang='lat' dir='ltr'>erat;</span> <span class='ocrx_word' id='word_1_194' title='bbox 426 3785 489 3852; x_wconf 89' lang='lat' dir='ltr'>qua</span> <span class='ocrx_word' id='word_1_195' title='bbox 505 3769 597 3837; x_wconf 85' lang='lat' dir='ltr'>locos</span> <span class='ocrx_word' id='word_1_196' title='bbox 617 3785 788 3840; x_wconf 89' lang='lat' dir='ltr'>tractamus</span> <span class='ocrx_word' id='word_1_197' title='bbox 806 3791 861 3842; x_wconf 88' lang='lat' dir='ltr'>eos</span> <span class='ocrx_word' id='word_1_198' title='bbox 885 3773 919 3840; x_wconf 91' lang='lat' dir='ltr'>in</span> <span class='ocrx_word' id='word_1_199' title='bbox 944 3772 1064 3858; x_wconf 89' lang='lat' dir='ltr'>quibus</span> <span class='ocrx_word' id='word_1_200' title='bbox 1083 3772 1158 3837; x_wconf 85' lang='lat' dir='ltr'>feli-</span> 
     </span>
    </p>

    <p class='ocr_par' dir='ltr' id='par_1_6' title="bbox 1113 3886 1167 3954">
     <span class='ocr_line' id='line_1_31' title="bbox 1113 3886 1167 3954; baseline 0 0"><span class='ocrx_word' id='word_1_201' title='bbox 1113 3886 1167 3954; x_wconf 87' lang='lat' dir='ltr'>cl·</span> 
     </span>
    </p>
   </div>
   <div class='ocr_carea' id='block_1_5' title="bbox 0 0 1286 4708">
    <p class='ocr_par' dir='ltr' id='par_1_7' title="bbox 0 0 1286 4708">
     <span class='ocr_line' id='line_1_32' title="bbox 0 0 1286 4708; baseline 0 6"><span class='ocrx_word' id='word_1_202' title='bbox 0 0 1286 4708; x_wconf 95' lang='lat' dir='ltr'> </span> 
     </span>
    </p>
   </div>
  </div>
 </body>
</html>
