2388 4714
269 285 342 366 258
440 278 701 350 PRAEFATIO·
717 297 765 348 nx
784 277 907 352 PRlM.
929 278 1047 354 eutr.

136 469 142 482 '
283 469 450 550 Latinos,
473 481 530 534 eut
555 464 672 550 quevis
690 468 867 538 recentiore
883 466 977 538 vobis
993 469 1110 556 cogniti
1119 461 1156 540 ld

284 585 349 672 gud
378 583 543 665 scriptos,
576 581 691 650 libros.
744 581 904 668 Equidem
932 581 961 652 si
985 583 1061 667 quid
1079 585 1156 668 equi

284 707 337 774 hia
357 705 479 772 Lireris
504 701 650 786 profeci,
672 703 735 769 lroc
761 703 944 786 repetitioni
969 704 1070 770 debui.

195 843 198 856 ¹
327 823 408 891 Non
432 820 568 887 alienum
591 834 643 886 est
665 819 705 886 ab
731 819 794 886 hoc
821 819 917 900 loco,
941 833 976 884 ut
998 819 1035 884 de
1059 817 1157 900 neipu¹

285 945 383 1014 vobis
406 959 547 1023 narrem;
571 940 600 1006 si
629 937 718 1008 forte
739 959 810 1008 meo
834 941 980 1025 exemplo
1003 937 1157 1006 moveamini

217 1087 222 1098 ·
290 1059 600 1144 Duodevigesimum
628 1057 758 1143 agebam
782 1075 923 1125 annum:
946 1057 977 1124 in
999 1054 1114 1124 Graecia
1129 1051 1157 1118 l

288 1181 366 1245 teris
394 1175 461 1242 fere
486 1195 524 1242 eo
547 1191 632 1241 eram
654 1175 776 1260 gradu,
808 1192 874 1256 quo
898 1187 1033 1240 vestrum
1057 1169 1157 1254 pleriqn

280 1295 369 1378 ,estis
389 1309 504 1379 quarto
523 1313 633 1362 mense
648 1309 820 1378 postquam
839 1293 964 1363 scholis
986 1290 1056 1358 meis
1068 1289 1157 1354 intere

286 1414 516 1498 accaepistis.
561 1413 725 1493 Frequens
749 1412 906 1480 audieram
930 1408 1046 1482 scholis
1069 1401 1158 1472 Profe

288 1553 400 1603 sorum
436 1551 510 1599 cum
539 1531 572 1598 in
598 1529 746 1614 Litoris,
767 1545 835 1598 tum
861 1531 896 1600 iu
926 1527 1120 1617 gravioribus,
1141 1537 1158 1584 r

290 1662 472 1728 vocentur,
495 1644 700 1730 disciplinis,
723 1647 816 1723 nullo
840 1663 1030 1732 magnopere
1045 1659 1104 1708 cum
1119 1635 1151 1702 irr

288 1779 368 1834 cruc
393 1763 524 1832 videbar
551 1761 624 1830 aliia
653 1760 853 1846 proiecisse,
877 1763 955 1830 mihi
978 1777 1040 1828 non
1060 1753 1154 1823 videbar

290 1883 479 1968 poenitebat
495 1899 545 1946 nte
560 1890 692 1961 operae:
718 1879 906 1960 quaerebam
923 1877 1073 1962 spatium,
1088 1872 1153 1948 intr

290 1999 393 2066 altius
411 1995 588 2063 evolarem:
612 1993 752 2061 redibam
777 1995 816 2062 ad
843 1994 1053 2078 disciplinas,
1072 2001 1152 2064 nelll

288 2111 362 2196 ipse
385 2110 494 2178 studio
519 2129 573 2176 eas
603 2125 768 2178 retractare
805 2111 1043 2178 instituebamr
1067 2121 1093 2170 et
1121 2115 1152 2164 sal

287 2227 459 2308 aliquanto
490 2225 621 2312 longius
658 2227 913 2310 progredietur,
956 2243 1048 2310 quam
1075 2211 1153 2303 quoi

289 2341 518 2409 Professor-um
540 2342 662 2409 scholis
687 2360 912 2425 perveneram:
935 2345 990 2410 sed
1006 2343 1049 2411 nil
1066 2337 1095 2404 ad
1108 2345 1160 2413 spe:

290 2468 324 2520 ct
342 2457 613 2538 exspectationem
631 2475 755 2525 meamr
775 2457 908 2526 discedo
933 2477 1006 2526 cum
1031 2450 1155 2522 trediorl

293 2576 356 2643 alil
380 2551 532 2659 deinceps
549 2576 590 2642 ad
609 2573 701 2640 aliam
723 2572 928 2657 disciplinam
954 2573 1080 2643 accedo:
1098 2561 1157 2630 eade

288 2691 439 2776 repulsa,
471 2691 551 2758 idem
581 2690 732 2758 taedium.
777 2687 823 2757 Et
845 2705 974 2772 tamen,
1002 2685 1091 2756 veluti
1112 2677 1156 2744 fast

289 2807 408 2875 dientis
432 2805 592 2874 stomachi
616 2805 751 2890 morbo,
780 2820 904 2874 certum
935 2805 1033 2874 animi
1055 2795 1160 2886 pabulut

292 2939 443 3004 quaerere
470 2905 589 3006 pergoJ
641 2921 739 2990 Venit
768 2921 803 2988 in
835 2937 973 2989 mentem
1009 2903 1153 2994 voluptaris

295 3059 391 3122 quarn
420 3057 500 3122 puer
527 3040 559 3108 in
592 3038 727 3104 Graecis
755 3038 994 3122 percepissem:
1021 3026 1124 3114 requiro
1150 3017 1159 3083 l

294 3153 374 3222 bros
394 3157 553 3238 quondam
583 3157 709 3224 lectore
731 3155 887 3238 depromo
913 3175 952 3222 ex
973 3150 1082 3240 angulo
1097 3141 1160 3208 illum

291 3267 457 3337 Plutarchi
477 3269 606 3338 nominc
633 3267 849 3354 inscriptum,
872 3269 911 3335 de
936 3269 1097 3335 Puerorum
1115 3247 1160 3318 Edi

289 3386 416 3456 catione
434 3386 603 3452 libellumc
622 3387 693 3469 lego
711 3399 742 3451 et
758 3386 910 3469 perlegoe
929 3397 1039 3467 operae
1053 3369 1158 3440 multon

287 3505 457 3571 suavitatis
476 3521 600 3586 parurn.
646 3499 732 3568 Hinc
751 3500 968 3568 Herodianum
985 3503 1104 3578 repetet
1122 3489 1160 3564 9¹⁰

285 3617 322 3684 lo
348 3621 448 3704 major
474 3620 641 3686 suavitas:
672 3618 719 3685 nil
753 3617 793 3684 cd
826 3617 1017 3701 explendum
1054 3604 1160 3676 animun

291 3734 456 3816 Aliunde,
493 3736 590 3820 idque
621 3755 723 3820 casu,
762 3737 933 3805 nanciscor
966 3713 1160 3811 Xenophontis

292 3869 387 3936 quem
404 3852 508 3920 adhuc
526 3873 594 3924 non
619 3855 684 3923 nisi
710 3853 840 3922 nomine
854 3869 997 3936 noram,
1018 3827 1160 4010 Μωθῐίῗ
