2572 4710
266 257 331 390 arr
412 305 588 382 onemo
607 287 672 378 ns
699 289 1058 396 coujuncrronn
1158 317 1162 331 ·

268 485 412 594 iumema
432 494 592 580 requirere
617 493 689 560 aisl
713 515 754 563 an
773 496 835 565 hoc
853 495 966 582 potius
987 501 1107 570 clarum
1119 513 1201 588 pet·

267 631 485 706 spectemque
501 629 571 694 est,
594 631 646 682 eas
662 613 825 698 graviores
843 617 1111 702 augustioresque
1128 637 1202 688 esso

267 755 367 824 quam
389 749 469 816 quae
499 746 562 796 tam
590 727 674 796 levia
705 729 823 798 auxilia
854 731 1056 802 desiderent?
1110 734 1200 802 Huic

169 905 172 912 .
266 851 396 940 placide
411 849 457 914 ita‘
474 845 738 930 respondeamus.
780 843 1029 930 secerneres,
1053 870 1074 918 o
1091 849 1197 931 bone,

269 970 408 1042 moon
430 979 495 1030 tam
512 975 609 1028 :recte
631 979 727 1044 quam
746 973 817 1028 tute
840 935 906 1029 tibi
922 964 1056 1032 videns.
1099 966 1200 1052 Quod

266 1083 300 1152 ei
324 1080 430 1160 enim,
454 1091 492 1143 ut
509 1077 596 1160 apud
613 1075 836 1144 Scholasticos
859 1075 942 1161 fuit,
963 1093 995 1146 et
1009 1081 1195 1151 adhucdum

266 1203 356 1291 apud
367 1201 524 1284 quosdam
542 1211 615 1279 est,
634 1195 870 1280 inexplicabilia
886 1199 1012 1270 sumnia
1029 1199 1079 1268 his
1093 1199 1203 1268 scien·

264 1319 324 1390 tiis
345 1315 577 1396 continentur,
607 1311 734 1394 fateor,
764 1312 944 1394 lubensque
967 1312 1029 1380 tibi
1054 1317 1172 1382 accedo
1182 1343 1200 1396 ,’

266 1432 440 1521 elegantiae
457 1429 564 1498 studia
580 1447 655 1496 cum
679 1427 722 1494 iis
745 1430 975 1496 commercium
1001 1430 1115 1498 habere
1137 1450 1198 1500 nec

267 1551 353 1619 velle
368 1567 426 1616 nec
441 1559 560 1630 posse3
579 1557 610 1610 et
627 1557 658 1610 te
675 1543 787 1610 harum
798 1559 960 1630 nugarum
976 1545 1125 1630 opificem
1145 1547 1200 1614 fu-

264 1684 377 1738 torum
391 1683 430 1734 eo
446 1663 618 1750 majorem,
642 1679 710 1744 quo
725 1660 827 1745 magis
849 1679 868 1727 a
890 1661 1054 1729 doctrinae
1074 1643 1202 1748 e‘legan.

265 1785 314 1856 tir
339 1795 482 1851 remotus
500 1777 560 1848 sis.
602 1778 649 1846 At
667 1776 697 1844 si
711 1775 970 1861 Metaphysicam
988 1795 1056 1846 cant
1083 1797 1201 1846 vocare

185 1889 191 1896 ’
264 1903 398 1983 lubeat,
422 1917 505 1983 quae
526 1891 724 1981 cognitionis
755 1894 910 1961 humanae
928 1907 1013 1960 certa
1036 1895 1202 1962 contineat

261 2013 451 2107 principit,
471 2010 715 2094 nonumque,
739 2022 821 2087 qnae
844 2004 912 2072 veri
942 2005 1125 2075 inveniendi
1148 2009 1200 2074 di-

265 2129 495 2227 judicandique
523 2141 641 2192 rectam
676 2134 835 2188 monstret
869 2121 1055 2206 tationem,
1095 2143 1132 2192 ac
1169 2126 1200 2194 si

141 2259 146 2268 ’
267 2249 406 2327 omnino
429 2257 533 2311 rerum
559 2240 747 2320 veritatem,
778 2253 846 2304 non
873 2236 1040 2320 opinionis
1065 2239 1202 2308 inanita-

267 2381 355 2446 tem,
378 2356 586 2446 quaerimus,
609 2355 721 2422 harum
752 2351 896 2420 omnium
923 2353 1201 2442 percipiendarum

267 2479 410 2570 egregias
445 2493 518 2544 esse
551 2469 776 2540 moderatrices
809 2467 1019 2554 elegantiores
1047 2470 1201 2556 litteras,

265 2603 304 2672 id
323 2615 402 2670 vero
424 2611 540 2679 magna
565 2587 801 2658 asseveratione
823 2589 998 2658 contendo.
1041 2587 1143 2670 idque
1160 2604 1202 2657 ut

267 2717 332 2790 tihi
352 2713 483 2800 planum
499 2707 677 2788 faciamus,
700 2707 764 2772 hoc
790 2702 888 2770 nobis
914 2703 992 2784 des,
1015 2717 1053 2770 ut
1074 2703 1202 2774 viano·

270 2849 337 2908 stra
360 2829 530 2916 procedere
548 2825 664 2904 liceat,
688 2822 894 2906 primumque
916 2817 1127 2904 experientiae
1153 2837 1202 2889 te·

268 2945 423 3021 simonia
446 2959 690 3030 proponamus,
720 2939 832 3006 deinde
863 2936 908 3006 rei
931 2951 1075 3006 naturam
1099 2937 1202 3021 expli·

269 3083 398 3137 cemus.
440 3059 591 3138 Etenim,
616 3057 706 3138 quod
724 3054 870 3140 diligenti
887 3054 1110 3122 observatione
1132 3073 1203 3122 cer·

270 3195 438 3262 tumeat,
468 3175 524 3260 qui
556 3174 595 3241 ab
625 3171 755 3240 ineunte
780 3185 879 3240 aetate
908 3149 977 3240 soli
1006 3171 1202 3242 litteraturae

269 3299 384 3378 studio
407 3313 444 3364 se
463 3291 672 3375 dediderunt,
696 3289 719 3355 ii
740 3290 929 3372 plerumque
955 3284 1200 3380 Philosophiam

271 3421 397 3499 rident,
431 3427 535 3494 neque
562 3409 603 3477 de
629 3407 683 3475 his
717 3405 812 3473 rebus
842 3403 966 3486 aliquid
996 3402 1116 3486 statui,
1143 3419 1203 3472 aut

192 3505 195 3514 λ
241 3598 244 3606 r
279 3535 411 3606 omnino
434 3529 475 3596 ad
499 3525 681 3596 absolutam
705 3523 868 3591 veritatem
893 3521 1051 3605 perveniri
1077 3541 1201 3606 posse,

156 3623 159 3630 .
277 3649 484 3722 arbitrantur.
527 3639 613 3709 Cum
640 3639 778 3738 enimin
802 3637 925 3706 Critics
948 3652 1014 3705 arte
1036 3638 1116 3720 quid
1144 3656 1202 3706 vc·

267 3784 347 3840 tum
379 3761 616 3849 pulchrumque
646 3757 689 3828 eit
719 3771 786 3826 non
818 3750 1046 3822 Mathematica
1077 3751 1203 3818 ratione

1150 3863 1205 3930 de·
