2572 4718
252 357 318 445 774
418 345 554 420 vrrs
589 345 634 418 n.
675 341 1013 422 summitti.

246 537 441 616 gementum
452 539 502 591 est
516 525 556 593 de
574 521 672 590 rebus
687 519 879 592 novissimis
896 523 1196 608 quibusqueltelliu.
1255 567 1259 574 ·

252 641 302 708 cis
314 659 352 709 sc
367 639 522 710 civilibus
540 636 671 724 publice
687 639 812 722 gestis,
829 637 865 706 in
882 639 1001 724 quibus
1018 659 1116 710 nemo
1132 656 1186 718 ese

196 768 199 776 '
252 760 454 845 quiostpere
471 756 534 824 sibi
551 755 718 837 uidenturr
738 756 773 822 io
791 755 843 822 his
861 756 960 841 igitur
974 757 1016 826 td
1032 770 1119 826 tecte
1131 759 1188 842 ju.

249 871 423 941 dmudum
441 871 615 956 praecipue
636 871 721 938 velet
738 872 831 944 locos
849 887 1069 958 tencremque
1093 874 1191 942 situs

250 1007 373 1072 mosne,
407 985 594 1072 Regnorum
622 986 808 1074 Rerumque
830 989 1057 1074 publicorum,
1087 1010 1186 1060 crut-

251 1124 325 1188 us,
342 1104 620 1189 constitutiones,
632 1095 778 1191 formes,
792 1109 983 1193 commodo,
998 1111 1194 1194 utilitates,

251 1217 532 1303 necessitudines,
564 1217 719 1303 foedere,
750 1237 871 1306 ptctt,
899 1223 1007 1306 viret,
1042 1226 1194 1307 copim,

248 1345 435 1436 perspectos
475 1333 614 1422 hebete,
648 1335 781 1407 omniuo
815 1336 952 1405 civilem.
976 1340 1183 1422 prudentiam

249 1447 440 1517 historicum
464 1461 581 1522 tenere.
625 1447 718 1516 Hunc
746 1465 777 1516 et
802 1449 837 1519 in
863 1451 981 1521 Ritteti
1006 1453 1188 1536 discipline

248 1580 456 1653 perceperat,
477 1581 512 1637 et
527 1583 591 1634 suo
611 1580 725 1651 postet
741 1567 857 1636 studio
869 1567 1033 1641 eoluctutt
1047 1583 1179 1652 umen,

165 1701 168 1711 “
249 1684 344 1769 quasi
368 1685 498 1771 ignarus
526 1682 598 1770 ejus
623 1698 729 1766 esset,
763 1683 908 1754 homines
933 1687 973 1752 de
1000 1683 1053 1750 his
1081 1682 1182 1751 rebus

247 1799 359 1885 inepte
381 1800 577 1882 loquentes,
606 1801 771 1882 patienter
786 1799 957 1884 tudiebct3
987 1815 1018 1868 et
1041 1799 1191 1870 libentem

247 1918 350 1997 edeo,
372 1912 545 1997 siquidem
565 1912 677 1981 iisdem
688 1959 703 1996 ,
716 1913 840 1997 quibus
857 1913 949 1998 ipse,
965 1914 1114 1998 prrubus
1130 1913 1181 1984 ft·

225 2048 380 2128 ⁸serent,
402 2049 434 2102 et
458 2035 597 2117 aliquan
622 2035 657 2102 iu
682 2053 716 2100 re
742 2033 873 2120 publicu
896 2051 1067 2118 personum
1087 2051 1184 2119 gere,

154 2129 157 2136 ⁴
247 2165 333 2222 sene
377 2153 454 2241 Qui
472 2154 602 2239 quidem
629 2169 733 2220 mores
758 2149 1068 2237 proficiscebantur,
1098 2169 1177 2234 eum

243 2287 286 2338 ex
304 2270 442 2337 nttutcli
457 2273 592 2356 quedem
607 2270 706 2338 enimi
721 2269 983 2340 benivolentiam
996 2271 1186 2358 modestis,

246 2399 371 2458 rumex
388 2389 466 2468 illu,
489 2391 529 2456 de
545 2406 609 2474 qut
624 2407 719 2473 seepe
730 2387 889 2469 diximus,
911 2383 1090 2472 facilitate,
1109 2407 1176 2472 qut

246 2523 306 2587 ee,
327 2515 365 2568 ut
381 2501 479 2586 eliis,
501 2503 545 2570 its
569 2503 634 2573 sibi
653 2505 724 2590 ipse
736 2502 865 2572 facilem
883 2499 1061 2592 pnebebtt.
1080 2553 1083 2560 .
1105 2506 1179 2591 Igi-

244 2637 322 2704 tur,
335 2635 546 2707 postetquem
563 2622 678 2691 mentis
691 2621 789 2692 eciem
803 2624 892 2693 domi
905 2623 1080 2696 Literttum
1096 2639 1173 2694 stu·

244 2739 309 2806 dlis
327 2737 546 2822 intendisset,
568 2739 620 2808 itis
637 2731 783 2825 relictis,
804 2761 871 2814 esm
888 2745 1066 2828 remittere,
1087 2758 1119 2810 et
1136 2744 1175 2814 in

242 2854 501 2922 communirvitt
524 2854 595 2939 ipse
616 2855 1039 2930 communicessevolebrt.
1082 2859 1179 2930 Scri.

149 3035 155 3048 ,
243 2987 370 3056 pserum
389 2971 591 3054 sliqusudo(
604 2975 694 3060 110)
705 3018 717 3054 ,
728 2989 863 3056 msgmos
878 2971 967 3038 viros
984 2973 1106 3040 lcutis
1121 2993 1182 3042 re.

244 3103 339 3169 rum,
365 3088 398 3156 in
417 3087 539 3170 quibus
555 3087 768 3170 excellerent,
787 3103 827 3155 ce
840 3087 885 3156 itt
901 3079 1039 3156 teltxtre
1050 3090 1174 3158 solitos

240 3221 336 3286 esse,
359 3207 505 3273 uterium
524 3203 606 3274 infru
625 3204 834 3274 mediocrium
849 3220 978 3288 ceptum
998 3205 1180 3274 hominum·

240 3339 353 3405 supere
370 3319 563 3391 viderentur.
593 3323 669 3389 -Ilic
687 3323 715 3390 ci
734 3325 826 3392 locus
844 3321 979 3390 mirifice
994 3323 1176 3406 pleccbrtt

248 3477 270 3515 „
292 3433 512 3523 Huiusmodi,
536 3439 662 3521 inquit,
679 3437 775 3523 plene
791 3451 897 3503 meum
914 3449 964 3504 est
979 3435 1174 3520 negotium

240 3565 302 3634 ego
320 3541 421 3620 linitis
446 3553 593 3636 quotidie
614 3536 760 3634 scholis,
798 3551 1004 3632 munerisque
1024 3550 1177 3633 pertibus

239 3666 403 3751 peractis,
426 3665 646 3738 Professorem
663 3667 793 3752 depono
809 3683 868 3734 nec
883 3663 971 3731 iores
986 3681 1112 3732 mecum
1126 3660 1181 3729 es·
1226 3741 1228 3746 Ι

1118 3777 1174 3846 fe·

276 3937 387 4020 (110)
408 3942 546 4004 Biblioth.
561 3943 635 4006 crit.
649 3943 717 4008 Vol.
728 3940 787 4006 111.
801 3941 876 4004 Ptrt.
890 3939 917 4002 Ι.
937 3935 1061 4002 Ptteist.
1078 3952 1112 4012 p·
1123 3949 1182 4002 m·

232 4041 326 4122 [Vidi
345 4063 446 4126 rupte,
461 4065 493 4126 p.
508 4045 603 4129 usp]
658 4077 667 4097 s
