2508 4712
220 315 354 396 utne
388 321 433 392 n.
471 315 805 394 conuentus
907 318 984 414 705

38 525 147 597 etos,
167 525 275 577 ernon
292 523 330 574 ut
346 525 453 576 novus
478 525 537 576 nec
555 521 646 574 antea
662 507 814 594 cognitus
832 513 972 606 accidit,

47 627 283 700 incredibiliter
299 632 429 692 sensum
446 625 608 708 percellit,
621 625 661 692 ab
676 625 892 712 ingeniocum
906 635 973 700 aen.

48 763 107 810 mo
134 739 410 822 communicatur,
439 739 473 805 in
509 739 647 822 comque
672 741 735 807 alte
760 743 910 828 defigitur
934 737 978 815 ιε’

45 859 182 944 penitus
200 858 391 924 insinuatur.
437 855 548 922 Veluti
563 873 666 938 nuper
684 857 812 952 locuste
829 859 980 929 secundo

48 977 91 1041 de
110 971 319 1040 Divinatione
334 969 467 1040 mirifice
484 989 535 1038 sne
549 972 706 1055 aduertit,
731 979 769 1040 ult
783 977 856 1040 eutn
878 977 975 1058 quasi

50 1107 152 1157 manu
171 1087 286 1175 injecti
302 1087 380 1154 milei
395 1087 588 1156 vindicarent
600 1101 631 1153 et
643 1079 769 1156 vivendi
783 1091 880 1176 legem
896 1099 981 1162 con-¹

49 1207 243 1274 stituerenst
266 1219 305 1270 en
324 1201 419 1269 rerba
436 1201 623 1268 Ciceronis:
647 1221 719 1268 erem
733 1217 812 1268 esser
828 1209 865 1270 ln
881 1211 978 1282 unlus

47 1333 209 1412 potestate
225 1339 277 1385 res
292 1317 446 1418 publica,
470 1337 569 1406 neque
583 1337 640 1404 ego
654 1338 704 1384 rrre
719 1317 833 1386 aldlds
841 1366 854 1403 ,
876 1341 978 1412 neque

52 1437 204 1521 deserui,
226 1456 327 1526 neque
344 1433 469 1522 afflixi,
493 1454 592 1522 neque
609 1437 661 1500 lta
679 1440 785 1520 gessi,
809 1440 905 1530 quasi
927 1440 985 1506 he·

56 1556 141 1620 mirri
162 1563 222 1615 aur
245 1549 438 1637 temporibus
460 1551 592 1616 iratus:
619 1567 718 1636 neque
734 1551 786 1614 lta
805 1563 907 1640 porto
922 1565 986 1621 arsi

50 1663 233 1743 triuiales,
255 1678 315 1730 atel
340 1661 526 1730 admiratus
535 1661 711 1747 fortunam
726 1683 795 1730 suns
821 1663 983 1758 alterius,

56 1793 96 1846 est
113 1797 164 1844 erre
184 1797 271 1843 meae
283 1780 484 1866 poeniteres:
503 1777 543 1844 id
563 1783 646 1844 enim
672 1783 818 1868 ipsumri
842 1782 981 1852 Platone

42 1892 319 1986 :philosophiaque
338 1893 539 1975 didiceram,
563 1892 732 1960 naturales
746 1911 810 1962 esse
824 1897 983 1986 quasdam

58 2015 278 2078 conversiones
308 2029 421 2078 rerum
450 2009 688 2097 publicarum,
727 2023 764 2078 us
788 1991 847 2078 eae
868 2015 986 2081 eumd

49 2127 254 2220 primipilus
277 2116 489 2210 serenetur,
513 2140 582 2196 rum
599 2129 622 2193 el
632 2125 781 2216 populis,
802 2127 982 2217 aliquande

59 2243 284 2334 ὁπηνίκ’*
336 2245 381 2314 lit
406 2261 482 2314 reto
506 2244 588 2316 hanc
614 2244 769 2322 rationem
796 2259 983 2322 constantes

57 2361 410 2434 teneitliohnltcnlusl
799 2359 804 2374 '
967 2362 975 2393 ¹

105 2479 167 2547 Sed
182 2493 219 2545 ut
236 2475 390 2546 Ciceroni
415 2477 459 2545 tei
482 2476 630 2564 publicae
651 2477 825 2548 conversio
841 2477 986 2564 discipu·

54 2600 111 2666 los
126 2597 259 2679 attulit,
282 2597 325 2663 ita
346 2595 540 2666 Ruhnkenio
558 2597 706 2665 obstulit.
751 2597 851 2668 cette
867 2597 907 2665 sb
924 2598 985 2668 iilo

55 2725 204 2796 tenpore
230 2724 262 2774 et
283 2709 414 2774 scholae
440 2709 551 2789 illius,
574 2723 606 2774 et
631 2711 689 2791 qui
716 2709 763 2775 eis
777 2711 989 2788 norninada·

39 2839 156 2906 ,rent,
170 2824 277 2889 minus
297 2820 480 2904 frequentes
500 2819 644 2890 fuerunt.
682 2822 758 2906 ipse
771 2841 916 2890 causssns
929 2825 987 2894 tti-

58 2939 183 3010 boebat
201 2937 290 3004 ciuili
307 2936 404 3004 odioe
425 2939 514 3019 quod
530 2938 674 3006 studiose
692 2940 846 3024 juventus
860 2941 925 3012 fere
940 2943 988 3014 ul·

55 3051 222 3127 ctticibus
248 3048 371 3120 feruet
398 3051 572 3133 partibus,
606 3067 639 3119 et
664 3051 820 3122 victarum
848 3058 989 3142 partiunt

57 3169 158 3246 molti
174 3183 278 3252 patres
294 3165 383 3239 filios
400 3169 451 3238 vel
469 3168 557 3236 doni
574 3167 743 3238 retinerent
762 3172 814 3238 uei
832 3173 896 3240 allo
914 3175 990 3243 mit·

58 3297 165 3364 terent
175 3303 186 3352 e
196 3283 351 3367 quodque
367 3283 438 3369 ipse
452 3303 541 3352 suant
555 3285 645 3351 dere
657 3285 790 3369 publica
800 3291 987 3362 sententian

59 3417 131 3480 non
144 3397 371 3472 dissimularet.
395 3395 598 3482 Quamquam
615 3398 649 3466 in
668 3397 793 3466 scholis
809 3419 986 3486 nunquan

58 3520 102 3586 de
118 3530 286 3598 praesente
301 3515 344 3580 rei
358 3513 506 3597 publicae
518 3529 608 3592 statu
630 3515 845 3600 loquebatur,
868 3535 927 3586 nee
942 3520 995 3589 di·

60 3641 220 3708 senense
238 3626 391 3710 otiique:
412 3625 532 3710 inque
550 3628 642 3699 muln
662 3628 725 3696 sihi
744 3631 871 3712 placent
886 3652 923 3702 ec
938 3657 990 3707 ss·

63 3744 195 3832 pientes
219 3743 384 3810 videntur:
411 3758 495 3810 recte
512 3758 679 3826 statuens,
701 3746 826 3812 civilem
854 3753 993 3831 pruden-

61 3856 141 3938 lilul
159 3857 246 3940 llilrll
260 3861 412 3946 utillete
428 3860 446 3938 l
463 3874 548 3938 certa
570 3859 783 3942 Antiquitasis
802 3862 990 3954 interpretr-

567 3975 629 4070 ls
659 3997 677 4076 p
930 3983 999 4060 tio·
