2506 4712
202 319 338 426 utra
377 319 424 392 u.
462 311 819 391 nonnarum·
902 327 995 398 m·-

12 503 144 582 misti>
169 507 441 594 lecto,-dcstititt
464 506 625 588 reliquum
654 499 791 572 divemls
814 499 965 582 tempori·

12 631 89 700 bus
110 629 250 712 raptim
276 623 495 710 percucurrit3
521 621 597 687 licet
624 617 769 686 Graecos
787 633 963 696 quoscum·

12 748 122 826 que,
139 739 288 824 quamvis
307 737 419 804 subito
434 728 856 818 inspicietis,probabiliter
873 729 968 797 intel.

12 859 165 939 ligeret.
208 851 248 922 In
273 853 409 936 Belgicis
433 849 652 931 carminibus,
676 863 757 929 quae
779 844 966 914 breviatae

12 985 138 1054 pauca
163 968 372 1052 composuit,
402 965 456 1033 vix
481 965 577 1032 ullam
602 961 681 1030 boni
709 961 822 1044 poetae
856 959 964 1025 dotem

12 1081 220 1161 desideres,
243 1080 389 1162 ratione,
412 1078 578 1158 oratione,
600 1074 800 1144 luminibus:
824 1091 883 1142 nec
898 1091 965 1140 ma·
1041 1117 1046 1124 ·

12 1197 109 1282 ioris
141 1195 208 1262 fere
232 1195 261 1262 ei
284 1211 351 1261 erat
377 1193 496 1262 laboris
513 1195 659 1280 ligatae,
690 1210 789 1274 quam
812 1190 963 1272 solutae,
1021 1211 1026 1224 ‘

12 1307 196 1376 orationis
226 1308 373 1393 scriptio.
418 1307 542 1376 Natura
570 1309 641 1394 ipse
664 1325 723 1373 sua
747 1319 778 1372 et
795 1305 964 1410 voluntate

14 1428 63 1493 ad
87 1423 342 1491 Mathematicus
367 1425 560 1510 disciplinas.
577 1422 758 1493 ferebatur:
781 1423 815 1488 iu
837 1421 890 1488 his
911 1419 961 1486 vi·

14 1560 75 1612 tae
90 1542 304 1610 tabernacula
320 1551 437 1626 po'rtere
456 1545 657 1612 decreveratr
679 1557 735 1625 et,
757 1541 961 1610 excellentis·

15 1655 126 1722 simis
153 1673 237 1722 osus
262 1656 444 1741 magistris,
467 1655 745 1725 omnesdisceuclo
765 1671 961 1740 praecucur-

13 1775 90 1856 rit,
119 1787 183 1853 ut,
206 1773 293 1854 quod
310 1773 448 1856 amplius
467 1791 538 1841 eunt
554 1775 727 1854 docerent,
750 1790 817 1842 non
841 1770 959 1855 reperi·

14 1877 503 1974 rent:·haudduuieprincep's
529 1891 627 1975 hujus
652 1889 729 1956 artis
748 1885 904 1973 futurus,
928 1887 959 1955 si

20 2002 191 2070 maturior
206 2018 292 2070 aetas
308 2003 428 2069 laboris
442 2002 660 2071 assiduitatem
684 2001 858 2070 attulisset.
902 2005 957 2071 ln·

18 2121 124 2208 genio
150 2132 247 2186 natus
271 2120 351 2201 tali,
382 2119 490 2203 qualia
513 2118 719 2203 vixatngula
740 2119 885 2204 singulae
909 2113 960 2182 ie-

22 2251 103 2306 tunt
121 2251 265 2319 aetates,
287 2237 456 2303 velocitate
483 2237 608 2304 valebat
633 2233 810 2321 ejusmodi,
835 2246 955 2299 otono

23 2353 152 2438 impetu
172 2367 203 2418 et
215 2353 307 2434 quasi
322 2354 489 2420 oculorum
510 2354 632 2428 obtutu¹
645 2366 830 2438 argumenta
841 2366 954 2432 qoam·

22 2467 72 2532 vis
87 2465 199 2547 arnpla
213 2464 411 2550 perciperet,
432 2481 464 2534 et
489 2480 594 2536 tamen
612 2467 750 2534 rationes
768 2485 953 2552 nexumque

23 2581 241 2664 perspiceret:
275 2582 425 2650 memoria
461 2597 570 2665 tanta,
603 2596 638 2651 ut
664 2583 710 2651 nil
735 2583 858 2668 scripto
888 2602 947 2652 no·

23 2711 119 2782 tans,
154 2698 262 2764 omnia
287 2713 429 2778 teneret,
463 2717 498 2762 ac
533 2716 627 2779 saepe
648 2699 766 2764 diceret
790 2699 952 2768 difficilius

25 2815 87 2882 sibi
118 2829 193 2878 esse
216 2810 370 2878 oblivisci
392 2827 487 2894 quam
503 2811 706 2891 meminisse3
729 2829 803 2878 cum
821 2815 949 2897 quidem
975 2811 977 2816 ’

25 2933 146 2994 novom
170 2924 309 3008 librum,
332 2925 502 2992 recentiore
525 2926 635 3011 lingua
662 2928 819 3010 scriptum
836 2947 872 2998 ac
889 2948 952 3014 po-

24 3045 129 3124 pulari
148 3040 232 3108 fama
250 3043 466 3125 celebratum,
482 3045 608 3112 nullum
627 3064 694 3120 nun
711 3049 838 3132 legeret.
868 3044 951 3118 Pue-

27 3157 116 3224 ritiae
133 3159 239 3225 mores
256 3175 313 3241 per
340 3161 494 3243 reliquam
512 3162 611 3229 vitam
639 3165 799 3248 servavit,
822 3169 948 3256 simpli·

28 3275 172 3355 citatem,
188 3275 398 3356 modestiam,
418 3274 657 3358 innocentiam,
675 3294 728 3361 et,
744 3283 833 3362 quod
848 3281 949 3352 Grae.

25 3389 71 3452 cis
91 3390 234 3472 dicitur,
257 3394 292 3464 ri
321 3393 481 3474 ἀνειμένον·
496 3395 549 3462 aa>
574 3396 751 3478 waltratae,
785 3397 884 3468 animi
908 3403 948 3470 ad

31 3501 135 3571 lusum
154 3507 398 3592 remissionem,
423 3511 506 3576 utin
521 3511 735 3580 doctrinarum
754 3515 863 3582 studio
880 3534 947 3586 non

30 3619 211 3690 adstrictum
228 3643 264 3690 se
277 3625 376 3692 teneri
399 3640 579 3708 pateretur,
601 3630 731 3695 solutus
753 3645 942 3724 vagaretur,

31 3749 65 3798 ac
80 3751 142 3803 tarn
167 3741 319 3808 discendo
343 3743 485 3824 luderet,
508 3761 603 3825 quam
630 3743 768 3813 ludendo
786 3747 963 3822 discerett‘

33 3859 79 3926 et,
100 3855 187 3932 quod
212 3857 249 3922 de
271 3873 372 3940 poeto
394 3858 484 3944 Cyro
514 3859 547 3924 in
573 3876 606 3924 re
632 3859 716 3929 haud
733 3863 883 3936 dissimili
895 3867 943 3934 alt

521 3973 580 4044 Zz
880 3981 944 4048 Xe·
