2388 4714
102 319 305 420 mmmm
328 320 550 426 unsrun.
574 333 765 436 vnctus
810 343 879 442 iri

49 515 126 603 butte
137 551 366 623 compensatur
411 543 533 630 Ιιιιιο,
556 545 713 632 parvitati
740 541 871 654 respon-f

49 649 175 723 biretitas.
220 649 305 744 Sed,
332 657 495 746 fortasse,
518 671 656 748 utraque
680 681 871 750 compensa·

49 769 175 839 brunate
191 775 296 858 vitae,
319 789 354 844 et
382 791 513 845 naturae
536 794 667 848 munere
692 763 870 868 expiendo;

49 885 156 972 titiipnt
168 891 204 958 de
221 890 287 960 iilis
305 895 349 962 ad
367 893 531 981 Hypanim
551 897 685 965 fluvium
705 899 876 984 bestiolis,

56 1017 153 1086 innam
171 1005 220 1073 die
245 1027 451 1093 nascuntur,
483 1011 590 1108 eodem
616 1013 822 1097 moriuntur,
844 1029 877 1082 et

61 1121 175 1186 onrut'tte
196 1137 274 1188 suae
301 1137 413 1206 partes
441 1135 472 1188 et
503 1131 617 1191 aetates
642 1127 756 1208 paucis
783 1125 875 1226 horis
942 1213 948 1226 ι
1024 1132 1029 1144 ’

61 1227 149 1299 turim:
168 1250 300 1316 quarum
327 1237 359 1302 si
386 1254 479 1303 nemo
506 1235 649 1302 miseram
668 1255 739 1303 esse
749 1249 870 1305 sortem

62 1341 211 1422 imitabis
231 1370 321 1419 certe
344 1369 460 1420 sortem
483 1353 673 1437 praeclaram
694 1338 870 1424 habendam

56 1467 178 1552 mqoippe
194 1473 227 1536 in
250 1471 363 1538 multo
390 1474 508 1557 majore
535 1489 567 1540 et
592 1475 677 1544 vitm
704 1476 814 1561 spatio
837 1491 872 1544 et

51 1589 110 1644 mnne
123 1589 305 1665 praestantii.
355 1587 539 1675 Equidem,
562 1597 599 1660 'ut
624 1613 690 1660 nou
709 1607 817 1661 statuo
834 1595 875 1660 de

50 1697 172 1768 urriomm
189 1719 217 1771 et
231 1707 375 1772 aliorum
402 1706 609 1790 animalium,
632 1721 770 1791 quotum
789 1710 874 1776 vitae

49 1815 126 1883 titum
138 1839 162 1888 tt
174 1845 298 1894 sensum
315 1826 486 1893 nonsatis
506 1823 677 1910 intelligo,
699 1825 745 1891 ita
762 1825 875 1909 Expe·
927 1890 930 1904 .

49 1925 110 1999 noire
118 1949 140 2002 et
152 1937 302 2012 Historiae
324 1943 506 2027 assentior,
529 1961 597 2010 non
614 1961 686 2009 esse
701 1956 797 2025 quare
814 1943 875 2010 ho·

49 2053 73 2105 ιι
86 2061 194 2138 tantopere
213 2061 251 2125 de
276 2075 412 2131 naturae
435 2073 511 2127 suae
537 2057 733 2144 praestantii
760 2051 877 2143 gioria-

49 2165 233 2242 matrimomo
249 2173 519 2260 quotusquisque
532 2190 581 2244 est
597 2175 654 2260 qui
673 2170 873 2242 satisiiciati

49 2275 88 2357 it,
104 2281 183 2372 inquit,
208 2289 342 2362 Virtute
367 2306 497 2380 paratur
522 2271 682 2378 felicitas,
712 2290 768 2360 trit
790 2308 874 2360 certe

49 2403 91 2458 ιιι
102 2407 207 2481 sumas
248 2412 320 2496 At,
344 2426 381 2479 ut
407 2411 512 2480 cadent
536 2409 742 2496 Experientia
766 2425 797 2478 et
812 2411 874 2478 Hi·

51 2514 169 2590 i‘ifhdneet
176 2528 330 2609 ‚Vhou
323 2527 486 2628 rrtutisad
505 2517 689 2597 felicitatem
712 2514 772 2597 iter
789 2507 875 2596 mui-

50 2619 136 2718 increpo
151 2643 371 2715 calamitatibus
388 2647 556 2744 turbaturi
578 2649 670 2730 saepe
695 2647 792 2715 bonis
809 2652 876 2714 mai·

50 2732 64 2799 i
69 2751 243 2846 nriisbene,
265 2779 337 2832 esta
361 2761 393 2830 in
421 2751 537 2829 animis
557 2778 724 2830 versantur
740 2783 827 2829 error
841 2743 874 2831 et

52 2851 128 2930 iiiiii
107 2867 182 2956 li‚1bs
203 2877 233 2943 in
249 2877 442 2964 corporibus
458 2869 627 2949 infirmitas
652 2895 683 2944 et
699 2873 872 2959 valetudo,

51 2959 307 3074 iturortiniqottas
329 3003 361 3059 et
380 2993 573 3062 adversitist
595 2990 729 3075 deinde,
753 2985 811 3058 ubi
837 3007 876 3061 ex

50 3089 138 3159 mrito
164 3115 190 3168 ιι
221 3105 442 3193 praejudicatis
479 3106 690 3191 opinionibus
721 3121 880 3188 emergere

54 3205 226 3302 incoepimus,
249 3241 318 3288 sero
342 3235 417 3304 est,
438 3221 541 3289 instat
560 3233 708 3302 senectus
726 3230 759 3283 et
777 3228 878 3288 muts.

56 3296 144 3388 Hin'b
146 3324 153 3388 i
170 3330 234 3400 loeo
256 3349 368 3402 rursus
388 3335 422 3402 in
446 3345 583 3402 mentem
607 3333 697 3400 venit
720 3327 876 3416 Homeri,

56 3419 91 3493 issi
56 3427 196 3540 ibinitos
210 3451 298 3532 plane
315 3447 507 3518 informavit
522 3467 684 3517 summurn
706 3429 878 3534 imperium

53 3535 258 3650 <innuiplotio,
286 3571 380 3654 cujus
405 3571 438 3637 in
464 3589 561 3636 mortu
583 3567 622 3636 ab
647 3572 741 3637 aurei
764 3574 878 3640 catena

53 3663 207 3740 ιιιριιιιι·
184 3700 222 3749 ort
243 3699 345 3752 totum
369 3688 567 3755 universum.
618 3685 653 3752 Si
678 3687 753 3770 quis
773 3665 879 3774 igitur

54 3771 354 3868 luribuiiuctuantibus
370 3803 493 3886 aliquid
519 3801 680 3870 firmitatis
702 3802 742 3871 ad
768 3801 880 3870 consi

55 3885 136 3962 mim
152 3923 279 4000 quaerat,
309 3919 373 3986 hoc
407 3936 474 3988 non
501 3921 612 4004 potius
634 3921 673 3988 ab
701 3909 879 4007 interjectis

413 4035 445 4100 0
464 4053 487 4104 q
826 4047 884 4100 cb!
