2438 4718
159 357 210 435 IN
234 349 506 430 PLUTARCHI
533 339 763 423 Mortuus.
865 371 932 446 452

14 552 81 619 laec
97 560 204 616 tamen
218 545 253 613 ln
269 541 401 614 scriniis
416 556 520 611 serrat
539 539 657 608 interea
671 539 748 607 dum
771 539 925 626 vulgandi

11 662 232 747 opportunitas
250 657 420 727 offeratur:
444 652 554 722 nisisi
581 653 657 736 quia
679 653 869 737 pueriliter,
890 665 928 719 ut

10 783 47 846 lta
72 779 200 860 dicam,
229 773 425 854 edituriens‚
457 767 635 852 quotannis
666 767 930 836 Animadversio-

8 911 81 960 num
100 891 247 960 libellum
265 888 392 972 vulgare
405 884 508 966 velit,
531 883 651 967 qulbus
679 899 805 952 ueteres
829 898 932 950 retra·

10 1021 94 1090 etet,
116 1019 149 1072 et
163 1023 265 1076 novas
284 1003 359 1070 item
379 999 564 1068 subitaneae
584 1000 677 1068 addat
691 999 841 1085 proximo
858 1017 931 1068 rut·

9 1143 66 1190 aus
79 1138 168 1190 anuo
182 1119 339 1188 etlibello
358 1115 593 1200 retractandam
613 1129 653 1182 ut
667 1116 789 1184 scilicet
800 1130 931 1201 partum

10 1235 81 1318 lpse
96 1253 190 1303 suum
210 1248 373 1317 ostentet,
393 1251 452 1300 nec
470 1235 541 1318 ejus
560 1232 695 1317 gloriam
711 1231 774 1300 sibi
796 1235 835 1300 ab
862 1234 929 1303 allo

6 1351 144 1435 praeripi
160 1349 268 1434 sinat,
289 1353 394 1432 Meiere
409 1353 496 1430 aiios
511 1351 608 1435 lettre
624 1352 756 1434 βαλὸν,
779 1351 795 1418 l
818 1351 849 1420 ll
864 1353 930 1420 ieri·

11 1492 83 1548 areae
99 1468 189 1538 inlu.
219 1464 320 1534 Unus
335 1463 473 1532 fortasse
487 1481 536 1532 est
550 1465 797 1534 commentarius
814 1464 930 1532 Ruhn·

15 1581 92 1648 lanii
115 1582 151 1648 in
178 1579 304 1647 Timaei
325 1580 470 1648 Lexlcon
486 1579 712 1662 Platonicum,
736 1599 775 1646 ex
792 1580 934 1648 editione

12 1699 124 1780 altera,
149 1697 207 1763 cul
235 1696 283 1763 nil
308 1699 348 1763 td
372 1693 608 1764 absolutionem
627 1695 721 1763 desit.
764 1695 828 1762 Sed
857 1696 932 1776 qula
957 1742 965 1759 .

14 1817 115 1897 ditat,
139 1831 209 1882 non
233 1789 299 1881 uno
318 1828 373 1881 aut
394 1815 494 1880 altero
512 1813 587 1879 loco
615 1813 694 1895 quid
716 1810 788 1877 addi
808 1811 931 1896 pessel

15 1931 273 2014 quandoquidem
296 1944 406 1997 erest
441 1929 555 1996 horum
583 1945 717 2012 opetum
749 1942 860 1996 natura
897 1945 934 1998 ut

16 2065 130 2132 semper
154 2047 337 2116 accessioni
361 2047 457 2114 locus
484 2045 695 2127 relinquatur.
746 2043 880 2126 Atque,
905 2043 935 2114 si

14 2163 85 2242 quid
104 2161 223 2242 tideo',
247 2177 330 2226 unus
347 2157 413 2226 fuit
431 2175 509 2243 post
534 2173 656 2226 renatas
671 2159 798 2228 thcras
817 2160 933 2230 liuhan

14 2271 120 2342 lenius
140 2293 183 2344 ex
208 2273 323 2358 paucis
348 2273 414 2366 lis,
445 2273 567 2356 quibus
597 2274 658 2340 hoc
687 2275 723 2340 in
746 2277 928 2344 studiorum

14 2407 140 2478 genere,
162 2413 319 2481 parcum
346 2395 481 2463 efficacia
505 2394 667 2480 facilitas,
697 2416 755 2481 par
781 2417 855 2466 cum
879 2419 929 2468 se-

16 2512 114 2578 cundo
131 2513 286 2582 fortunae
303 2513 379 2580 flatu
398 2511 593 2599 gubernandi
611 2514 739 2580 solertia
761 2515 927 2602 obtigerit.

19 2628 164 2712 Equidem
196 2631 265 2716 ipse
289 2651 422 2717 quoque
438 2633 472 2700 in
489 2633 664 2703 Plutarcho
679 2635 851 2703 editionem
870 2637 930 2702 mi-

18 2743 47 2810 hi
60 2765 293 2834 proposueram
305 2748 457 2814 omnibus
475 2748 615 2814 numeria
633 2749 808 2816 absolutam
819 2795 831 2831 ‚
842 2769 931 2832 prae·

15 2862 118 2929 sertim
140 2864 235 2948 quod
258 2863 300 2931 ad
322 2863 540 2947 colligendum
558 2862 722 2927 doctrinae
740 2879 928 2944 apparatum

13 2979 131 3050 attinet.
174 2981 228 3051 At
243 2999 320 3050 mox
336 2977 565 3060 animadverti,
586 2995 638 3044 me
652 2980 753 3064 majus
770 2979 931 3060 quoddam

17 3117 105 3180 quam
125 3120 188 3185 pro
212 3102 353 3168 humano
370 3114 403 3166 et
420 3112 519 3183 captu
533 3097 671 3166 es-ur'tae
690 3097 800 3183 spatio
818 3118 933 3168 conce·

13 3211 112 3294 plssee
141 3233 251 3284 meum
280 3214 485 3299 propositum
511 3231 549 3282 ea
576 3212 631 3280 illa
656 3213 874 3298 magnitudine
899 3216 934 3282 ia
1042 3241 1047 3252 ·

13 3333 154 3404 arctiores
178 3337 264 3405 fines
289 3337 408 3419 redegi.
452 3338 564 3420 ltaque
581 3336 645 3404 ltoc
664 3350 850 3420 teneamus,
873 3355 936 3405 no·

11 3459 78 3512 atro
99 3467 160 3519 noa
198 3449 336 3516 modulo
365 3451 543 3518 metiamur.
598 3447 652 3518 Ne
677 3467 843 3535 speremus
870 3472 932 3522 noa

15 3579 131 3630 omnem
149 3563 257 3632 futuri
277 3565 459 3649 interpretis
479 3583 606 3650 operam
628 3587 807 3651 occupasse
825 3589 861 3638 ac
877 3591 935 3640 au·

19 3689 234 3755 pervacaneam
254 3679 443 3749 reddidisse.
487 3683 531 3747 At
546 3701 712 3764 speremus
728 3702 855 3767 operam
874 3707 935 3756 no·

19 3807 107 3862 stram
124 3799 329 3868 inventuram
356 3819 477 3884 aequos
492 3801 771 3886 intelligentesque
784 3805 933 3890 judices,

19 3905 67 3988 qui
83 3927 150 3980 eam
166 3931 209 3981 ex
228 3914 348 4002 majore
362 3929 515 3984 censeant
534 3931 643 4003 parte,
666 3937 786 3990 errores
801 3937 936 3988 nostros

446 4027 512 4110 pf
538 4046 560 4116 3
858 4043 934 4096 cum
