2438 4718
160 356 434 432 PLUTARCHI
453 351 726 425 Monstrum.
748 355 829 426 Vol.
844 359 871 428 i.
921 357 1004 450 429!
1048 417 1061 446 χ

32 547 199 637 quinque
224 541 559 628 prioribus-versatur
575 541 820 626 voluminibus,
843 549 984 628 quotum'

35 665 168 748 triplex
186 677 240 728 est
261 657 412 740 materia,
433 656 592 724 Graecum
613 675 697 741 opus
716 659 895 742 Auctoris,
917 663 986 730 An.

41 778 177 846 notatio
204 773 484 854 emendationum,
513 769 633 838 Latina
657 769 798 838 Versioa
825 773 865 838 de
890 777 986 846 altera

47 911 142 981 parte
172 889 377 959 monebimua
403 877 435 956 in
461 887 624 974 principio
649 888 865 972 posteriorum
890 892 989 959 voiu-

52 1011 180 1077 minum
200 1026 281 1090 quae
303 1003 644 1074 Auluradvctaionibus
676 1005 797 1074 nostris
826 1007 989 1081 destinata

50 1139 146 1194 sunt.
192 1123 383 1204 Caeterum,
398 1124 565 1205 quomodo
586 1119 619 1188 in
639 1121 697 1188 bac
715 1121 835 1207 triplici
854 1127 988 1196 materia

47 1240 280 1310 constituenda
306 1237 522 1320 poliendaque
546 1236 664 1303 versati
692 1238 817 1321 simus,
844 1239 984 1310 breviter

46 1373 81 1424 et
106 1355 299 1423 summatim·
320 1352 514 1420 referemus:
537 1371 609 1430 nam
631 1361 747 1437 totum:
766 1355 828 1422 hoc
846 1373 919 1425 cum
936 1358 986 1424 ai.

48 1469 186 1554 giiiatim
205 1484 390 1542 enumerare
405 1465 565 1536 infinitum
581 1463 625 1532 ait
638 1513 650 1547 ,
661 1479 730 1534 tum
749 1468 880 1550 plenius
898 1473 984 1538 mul·
1035 1493 1043 1504 ·

46 1598 83 1651 to
110 1597 144 1651 ct
169 1582 352 1652 accuratius
378 1581 489 1649 harum
516 1581 696 1655 Literarum
731 1585 825 1668 periti
851 1599 892 1654 ex
912 1588 983 1672 ipsa

46 1703 356 1774 nostraeEditionis
377 1705 516 1772 lectione
533 1720 565 1772 et
583 1707 772 1776 tractatione
787 1697 983 1795 intelligent,

93 1823 144 1890 Ac
166 1819 275 1903 primo
299 1817 427 1902 quidem
453 1816 614 1886 Graecum
635 1839 743 1904 opus,
767 1823 800 1890 id
822 1839 871 1890 est
892 1825 984 1892 Con·

43 1954 174 2008 tentum
198 1956 267 2004 non
281 1935 402 2002 reddidi
421 1953 458 2001 ex
475 1934 650 2018 Editione,
674 1937 725 2004 vel
745 1939 982 2025 stephaniam,

41 2058 103 2124 vei
118 2055 265 2137 alia,sed
282 2053 322 2118 ab
342 2053 468 2136 integro
484 2051 629 2125 recensui
646 2067 679 2118 et
692 2053 863 2124 constitui.
880 2054 982 2143 Quod

41 2173 88 2238 in
106 2187 169 2237 tam
188 2184 345 2252 corrupto
367 2187 467 2253 opere
492 2181 524 2235 et
542 2169 640 2236 tantis
664 2169 743 2236 meis
759 2161 889 2254 copiis,
912 2185 983 2238 nou

43 2287 157 2372 modo
173 2285 287 2368 licere,
310 2286 367 2352 sed
383 2285 563 2354 necessario
581 2283 767 2352 faciundum
783 2286 979 2357 existimavi.

43 2401 265 2470 Fundamenti
283 2402 385 2470 instat
400 2401 499 2468 habui
518 2401 753 2484 Aldinam‚cui
771 2415 876 2470 totum
887 2403 982 2471 Con·

41 2529 160 2584 textus
189 2517 283 2600 quasi
313 2515 490 2588 aedificium
517 2535 765 2602 superstruerem
790 2491 983 2604 recipiendis

42 2633 243 2702 melioribus
270 2633 465 2702 lectionibus
501 2653 532 2702 ot
561 2637 796 2721 supplementis
821 2637 980 2704 librorum
1023 2697 1033 2710 .
1099 2635 1112 2658 ‘

44 2747 347 2831 conscriptorum
376 2763 444 2818 tutu
472 2750 644 2818 editorum.
695 2751 741 2818 Et
763 2751 876 2823 videor
898 2749 982 2818 mihi

47 2867 102 2934 ita
123 2883 317 2948 expurgasse
340 2866 531 2950 vulgatum,
555 2864 612 2943 qui
639 2865 744 2931 adhuc
760 2865 905 2948 opt'unus
922 2866 980 2932 ita·

50 2983 209 3066 bebatur,
231 2999 443 3066 contextum,
467 2972 523 3064 ui,
546 2985 655 3066 quoad
676 2984 745 3070 ejus
763 2983 796 3051 itt
815 2979 867 3051 his
884 2984 980 3053 rebus

49 3101 123 3176 fieti
138 3115 270 3184 potest,
292 3099 458 3166 Plutarchi
477 3117 607 3168 manum
629 3114 660 3165 et
679 3091 871 3182 scripturam
888 3097 982 3163 resti,

50 3189 344 3303 tuerem'plurimis
370 3217 405 3284 in
421 3217 528 3301 locis,
550 3231 607 3284 aut
628 3215 684 3285 ubi
707 3234 742 3282 ea
762 3215 888 3282 restitui
913 3233 981 3285 nou

57 3332 193 3422 potuit,
214 3333 405 3405 sententiam
431 3345 515 3402 certe
533 3327 738 3414 patefacerem
757 3331 879 3396 adeam
900 3319 982 3394 vetii

59 3450 324 3533 similitudinem,
347 3463 384 3515 ut
409 3448 624 3533 paucissimae
643 3445 808 3529 supersint
828 3445 975 3538 ejusmod

57 3569 261 3640 difficultates
280 3589 363 3654 quae
378 3567 654 3636 continuationem
675 3565 824 3633 lectionis
841 3581 871 3632 et
889 3567 983 3636 intel.

53 3687 198 3772 ligentiae
215 3689 464 3771 interrumpam.
502 3685 782 3764 Xunnuourt,
805 3683 902 3751 homo
921 3685 984 3755 mi·
1036 3698 1039 3710 ·

55 3801 138 3880 nime
165 3821 295 3884 vanus,
326 3801 497 3887 professus
522 3813 572 3869 eat
595 3819 628 3866 aa
651 3819 714 3865 nan
737 3820 834 3866 onam
856 3799 982 3869 menda*

52 3940 127 3996 ruta
150 3917 331 3996 chiliadem
350 3935 564 4016 ‚expurgasse
616 3913 691 4002 Ego
721 3915 870 3992 turnare
893 3903 985 4104 haud

539 4029 601 4106 Dd
627 4051 651 4128 4
946 4043 985 4124 u,
