2508 4712
245 319 382 396 ιιτι
415 316 459 406 p.
497 195 828 390 kananeiten
938 321 1011 408 erp

73 510 233 600 indicatas
259 508 349 594 vulgi
373 504 545 590 opiniones
582 517 613 570 et
644 501 798 587 gloriolae
833 505 1004 582 sarlaten

74 623 323 698 contemnebas
344 619 578 690 Valckenarius
609 619 676 684 alto
699 617 793 684 etiam
820 616 1002 688 animosas

74 743 296 830 despiciebat,
318 755 350 808 et
369 739 514 807 oratione
529 741 743 822 exemploque
756 737 829 821 ipse
846 757 908 806 suo
925 759 1005 811 con·

73 861 227 943 futtbat3
253 860 339 926 unde
354 855 480 925 factunl
505 869 578 940 est,
604 869 642 922 ut
661 873 838 938 numquam
860 858 1007 940 corporis

77 975 257 1056 vultusque
280 971 331 1038 tui
361 969 530 1054 imaginem
554 969 646 1054 pingi
670 967 816 1056 fingique
838 971 1009 1059 volueritq

79 1087 226 1173 Aquari
245 1087 342 1173 (51)
375 1086 597 1152 anctoritatem
619 1073 756 1170 sequeus
773 1087 913 1156 venatis
929 1087 1011 1156 ami·

80 1222 165 1286 coa,
186 1221 227 1271 ne
250 1202 358 1286 ipsius
383 1199 522 1268 facerent
549 1205 693 1286 μιμηλὰν
720 1206 865 1287 amula
886 1205 904 1284 l
923 1222 1011 1274 aaa·

77 1319 172 1390 aaut.
216 1315 437 1386 Ruhnlealua
463 1315 526 1382 hoc
545 1314 582 1381 in
599 1317 675 1382 loeo
694 1315 822 1382 facilior
840 1315 1009 1402 indulgent

78 1435 211 1518 tiorque
225 1447 313 1515 erat3
337 1445 397 1512 ut,
419 1429 533 1516 paucis
549 1445 623 1498 ante
639 1429 769 1498 obitum
793 1431 909 1514 annis,
930 1434 1010 1499 ami·
1052 1461 1059 1480 ‹

79 1567 196 1616 corum
225 1545 376 1632 precibus
399 1547 533 1630 uictus„
551 1561 713 1630 pateretur
731 1545 900 1636 imaginem
918 1565 1009 1614 suam

80 1663 198 1746 pingi,
219 1676 251 1728 et
268 1681 335 1728 aete
352 1681 501 1730 excusam
522 1662 558 1728 in
579 1661 701 1746 uulgus
717 1660 780 1730 odi.
823 1660 1011 1730 Ruhnkenil

82 1795 142 1860 per
167 1790 266 1844 totam
294 1775 360 1844 fere
386 1776 505 1857 uitam,
530 1791 565 1842 ut
590 1775 735 1844 scentia
758 1776 839 1876 idem
864 1793 929 1844 erat
944 1776 1011 1842 ani·

82 1909 180 1972 mus,
213 1891 292 1959 idem
313 1893 440 1960 vultus.
486 1891 741 1971 Valckenarius,
776 1894 865 1974 quod
884 1891 1008 1978 magnis

78 2007 268 2092 praesertim
295 2023 326 2072 et
344 2005 484 2074 heroicis
516 2005 655 2090 ingeniis
677 2004 833 2074 accidisse
857 2021 1008 2088 constat,

79 2137 332 2204 nonnumquam
352 2119 1011 2204 intemperiequadrmafficiebatur,quaa

75 2239 305 2322 μελαγχολίαν
328 2233 444 2305 Graeci
468 2249 609 2314 vocant,
633 2250 670 2304 ut
697 2254 755 2320 per
778 2231 911 2318 aliquod
934 2251 1015 2305 teut-

83 2366 155 2434 pus
172 2347 341 2416 excitatior
363 2348 519 2433 ferretur,
541 2367 610 2418 tum
626 2353 665 2418 ad
682 2369 719 2418 se
734 2351 869 2432 rediret,
893 2351 1014 2420 subtri-

77 2463 149 2532 stis
169 2461 264 2544 quasi
288 2481 325 2528 ac
352 2464 550 2532 taciturnust
575 2482 705 2536 natutae
728 2483 804 2532 suae
824 2479 857 2532 et
874 2477 1012 2536 confluet

79 2579 190 2644 tudini
215 2576 366 2644 restituto
388 2578 573 2648 admirabile
600 2579 699 2650 inerat
728 2593 1011 2662 temperamentum

80 2691 251 2776 gravitatis
274 2706 306 2757 et
330 2692 563 2775 jucunditatis,
587 2710 624 2760 ut
642 2694 688 2760 nil
705 2712 751 2760 eo
774 2695 944 2764 amabilius
963 2695 1014 2762 di·

83 2825 188 2876 cerea.
215 2805 348 2888 -Neque
376 2818 481 2872 tanuen
504 2806 675 2888 utriusque
691 2822 746 2872 aut
771 2807 870 2887 haec,
894 2819 950 2877 aut
967 2825 1019 2876 ra·

81 2924 200 3005 liqna,
221 2935 404 2990 naturatum
425 2917 595 3028 diversitas
618 2919 790 2986 amicitiam
808 2939 921 2990 eorum
944 2936 1013 2990 tur·

85 3037 207 3118 babat;
223 3053 324 3117 quum
343 3047 478 3116 uterque
494 3030 559 3104 sibi
573 3033 717 3099 eumdem
734 3051 931 3118 proponeret
944 3037 1013 3106 uit·

85 3148 170 3216 tutis
195 3165 231 3214 ac
254 3149 419 3216 doctrinae
436 3147 553 3228 finem,
577 3147 655 3214 ulter
677 3151 810 3218 alterum
834 3149 1013 3222 Literarttut

65 3279 204 3330 -caussa
229 3261 336 3348 magni
356 3261 497 3343 faceret,
520 3261 619 3345 hujus
635 3263 793 3348 iudicium
810 3280 842 3333 et
859 3281 1013 3340 consten-

84 3378 132 3446 tia
157 3376 356 3446 voluntatem
385 3377 615 3464 ingeniumque
634 3376 723 3445 illius
740 3381 775 3446 in
794 3392 905 3446 mutue
924 3381 1013 3453 beal-

82 3491 230 3564 volentia
251 3491 411 3560 retineret.
989 3554 997 3576 ,,

126 3603 300 3674 Proximus
317 3606 357 3672 ab
373 3623 435 3688 eo,
457 3623 525 3690 quo
546 3605 812 3678 Hemsterhusius
829 3608 939 3694 obiit,
957 3630 1014 3678 an.

953 3745 1017 3804 1¹15

128 3887 224 3980 (5¹)
246 3893 389 3958 Plutarch.
409 3893 475 3958 vita
493 3893 600 3971 Atesll
619 3911 650 3973 p.
667 3897 743 3974 596,
763 3897 804 3975 F,
824 3914 852 3964 et
870 3902 947 3964 alibi.
