2508 4712
275 297 344 378 n.
450 285 1045 410 streneshalensis

276 481 455 572 mnibus,
472 483 688 568 militaribus,
703 485 826 573 sacris,
842 491 1000 562 historica
1014 505 1048 562 et
1058 487 1203 571 mela·

274 606 405 692 lybissa
429 604 554 674 ratione
576 603 770 686 explicabat.
815 603 939 675 Deinde
957 611 1108 696 siugulis
1122 617 1200 686 iocis

275 720 447 794 adhibebat
472 721 708 808 grammaticam
735 723 945 810 criticumque
962 729 1199 815 interpretatio

155 877 169 906 .
273 853 369 927 henr,
390 855 553 925 tamquam
577 840 646 910 veri
673 842 866 926 obrussam}
890 861 930 910 ne
958 845 1006 912 rei
1029 835 1136 935 rul'go
1151 869 1200 919 tra.

274 961 379 1042 rhtac,
402 973 458 1025 aut
480 955 581 1024 falsae
596 972 732 1024 autnon
752 958 832 1024 satis
852 971 1050 1046 perceptae,
1075 969 1131 1034 rel
1145 967 1200 1051 ipsc

275 1071 466 1152 assentiret,
489 1071 542 1137 rel
556 1071 705 1137 assentiri
721 1071 902 1154 discipulos
920 1076 1071 1161 sineret.
1095 1083 1151 1149 scd
1166 1086 1196 1150 ab

272 1185 471 1255 assentiendi
486 1203 541 1254 eos
560 1185 735 1253 temeritate
750 1187 935 1273 cohiberet,
958 1209 991 1258 et
1009 1196 1053 1261 ud
1069 1203 1199 1269 munden

271 1309 594 1398 judiciiseveritatem
605 1307 831 1377 adsuefaceret.
855 1311 1089 1396 Arqueharum
1099 1337 1199 1388 rerum

274 1424 436 1493 materiam
452 1441 518 1492 non
543 1423 560 1490 e
581 1421 720 1488 turbidis
746 1425 958 1492 recentiorum
986 1430 1122 1514 rivulis,
1146 1435 1202 1500 sed

276 1541 295 1606 b
313 1535 550 1621 limpidissimis
567 1535 718 1603 Veterum
732 1533 882 1604 fontibus
901 1539 1087 1613 hauriebat:
1100 1551 1201 1618 autsl

276 1671 361 1734 quos
384 1651 573 1718 recentiores
591 1653 781 1736 advocaret,
802 1669 869 1720 non
895 1673 953 1723 cos
981 1663 1199 1742 promiscuee

271 1767 455 1838 Graeciano
481 1765 653 1834 Thesauro
681 1781 737 1836 aut
761 1770 923 1838 similibus
949 1777 1201 1851 collectionibus

270 1883 462 1970 promebatp
481 1884 538 1949 sed
561 1899 673 1950 corum
695 1886 882 1967 quipostea
898 1885 1065 1976 fruisse'nt,
1089 1906 1201 1966 unu«

272 2003 461 2084 tiquitatnm
487 2004 579 2068 locos
605 2001 807 2086 singulares,
838 2005 888 2068 rel
915 2005 1135 2092 singularibus
1160 2017 1203 2082 ll·

271 2115 360 2200 bris,
382 2119 434 2186 vel
453 2119 488 2184 in
506 2118 843 2185 animadversionibus·
860 2122 902 2186 ad
916 2140 1035 2192 veteres
1051 2126 1203 2214 Scripto-

272 2249 323 2300 res
340 2233 379 2298 ab
397 2233 478 2316 ipsis
493 2234 620 2317 editos,
636 2235 889 2333 eapllcuissentp
909 2255 945 2308 et
966 2243 1202 2320 accuratissimi

273 2349 438 2433 cujusque
463 2349 599 2415 manime
623 2365 655 2416 et
679 2351 831 2434 rationem
859 2357 997 2426 ducebat
1013 2379 1046 2430 et
1065 2371 1201 2438 mentio·

268 2461 340 2538 irem
359 2457 516 2551 iaciebat,
538 2481 612 2535 cum
628 2469 787 2554 aliorum,
809 2488 879 2541 tum
898 2473 931 2544 in
947 2479 1065 2562 primis
1081 2485 1201 2554 Dukcri

267 2605 298 2658 et
314 2583 458 2654 Ernesti.

310 2697 460 2768 Tertium
484 2706 550 2767 erat
571 2715 729 2787 pensum,
752 2697 972 2792 interpretatio
999 2703 1200 2787 Latinorum

268 2817 485 2903 Scriptorum.
527 2819 566 2886 In
586 2839 648 2904 qua
667 2827 832 2905 quomodo
850 2805 998 2898 versatus
1017 2835 1087 2917 sit,
1106 2835 1200 2906 meite

268 2947 319 3001 est
336 2933 378 3002 ad
399 2935 628 3021 suspicandum
655 2937 717 3020 iis,
744 2942 799 3024 qui
816 2943 886 3029 ejus
903 2950 1200 3024 animadversiones

267 3053 301 3120 ln
316 3049 479 3119 Rutilium
499 3049 633 3137 Lupum
648 3071 679 3122 et
696 3049 850 3143 Vellejum
861 3059 1057 3132 Paterculum
1068 3085 1203 3154 rogno-

265 3181 394 3241 verunt.
426 3167 479 3236 Ne
490 3187 568 3237 vcro
586 3171 659 3254 quia
674 3189 786 3257 puter,
805 3175 917 3244 harum
934 3181 1037 3248 instar
1050 3183 1201 3254 animad-

264 3273 450 3356 uersionum
475 3283 579 3353 fuisse
600 3289 729 3357 scholas
757 3290 827 3358 illas
850 3311 948 3377 supra
963 3289 1199 3386 plerorumque

265 3418 397 3487 captum
412 3401 660 3486 discipulorum.
701 3403 841 3473 Mirifice
850 3405 989 3478 deerunt
1003 3431 1197 3499 temperatae

264 3535 296 3584 et
313 3519 476 3603 exquisita
498 3520 643 3588 doctrina
661 3533 694 3588 ct
711 3523 966 3611 perspicuitate,
990 3543 1030 3598 ut
1050 3536 1194 3602 rudibus

261 3637 398 3704 novitiis
424 3651 456 3706 ct
476 3639 609 3706 eruditis
638 3640 794 3708 veteranis
818 3661 919 3728 aeque
936 3648 1127 3735 pariterque
1143 3673 1197 3720 ea·

265 3762 338 3816 sent
353 3753 621 3822 accommodatae.
658 3755 711 3820 Ad
726 3757 818 3824 locos
837 3761 887 3827 cel
904 3760 1049 3829 difficiles
1062 3767 1112 3834 vel
1130 3785 1199 3833 mc·

258 3865 437 3938 monbllea
460 3869 600 3938 dictabat
621 3872 848 3946 mnootionet
873 3875 986 3947 trever
1004 3879 1138 3966 qu‘mcm
1159 3883 1203 3946 il·

1116 3987 1202 4088 Μ
