2388 4714
133 321 395 400 remanent
415 321 688 400 ιιοιιιιιιιιι.
712 311 790 404 vsi
809 335 837 408 ι
883 351 952 433 ns
972 395 977 404 .

36 509 94 580 riae
110 529 144 580 aa
161 531 257 597 pars,
271 531 355 596 quae
371 511 473 596 prima
489 511 530 584 ad
543 515 736 597 vulgandum
754 523 948 603 parata-fne-

34 627 91 696 tit:
124 633 221 716 cujus
253 633 353 713 partis
379 631 519 697 delectus
544 636 700 716 aequasi
732 617 798 706 flos
829 641 864 708 in
897 643 949 712 bis

36 745 175 828 quinque
203 745 433 816 Voluminibus
458 761 573 816 exstat.

73 861 135 926 Sed
160 861 251 930 labor
272 865 306 930 in
335 879 401 930 tota
429 865 489 932 bac
504 863 658 932 Editinne
674 883 892 952 consumtus,
913 869 954 938 li·

36 985 84 1040 tet
101 974 210 1042 multis
224 976 371 1059 partibus
388 959 546 1048 molestus
563 978 684 1062 fuerit;
709 971 815 1050 multo
843 998 951 1054 tamen

37 1093 233 1160 molestiores
261 1092 392 1162 fuerunt
417 1095 658 1178 reprehensores
693 1097 825 1167 laboris.
879 1101 954 1168 flo-

37 1227 103 1276 rum
136 1211 255 1294 duplex
287 1210 353 1276 init
389 1229 513 1296 genus,
546 1211 677 1278 doctum
702 1228 734 1280 et
768 1215 949 1288 indoctum.
985 1193 988 1198 ¹

39 1328 159 1394 indocti
180 1325 249 1394 fere
273 1345 324 1392 nte
349 1327 585 1408 admonebant,
607 1344 648 1394 ne
669 1327 740 1412 ipse
760 1347 811 1394 me
833 1337 871 1398 ad
893 1336 954 1400 du.

41 1463 102 1510 rum
128 1463 215 1528 opus
248 1445 451 1525 damnum,
483 1443 567 1512 uitae
596 1447 815 1514 suavitatibus
848 1455 955 1532 priva·

41 1580 107 1628 nm.
159 1561 295 1650 Quibus
323 1575 359 1627 ut
384 1563 508 1646 aliquid
539 1567 723 1647 reponerem
746 1567 836 1646 quod
865 1584 958 1650 cape·

42 1693 123 1761 rent,
146 1677 373 1761 dicebam,.et
397 1677 495 1762 ipsos.
516 1678 638 1761 habete,
656 1697 715 1744 sua
744 1678 960 1749 oblectamen-

44 1810 94 1878 ta,
114 1815 173 1864 sua
189 1793 322 1876 studia,
346 1794 468 1877 quibus
485 1813 504 1859 a
524 1797 714 1876 quotidiano
735 1815 772 1864 se
796 1816 893 1881 opere
913 1819 962 1866 re·

47 1929 200 1982 crearent:
236 1913 299 1978 boc
330 1927 435 1976 meum
464 1909 541 1975 mihi
574 1927 644 1976 esse
667 1911 961 1998 oblectamentum,

46 2045 138 2094 mcum
161 2029 340 2108 stomun,
362 2024 397 2092 iu
421 2035 490 2107 quo
516 2036 682 2106 tempusa
705 2029 845 2094 muneris
863 2045 963 2095 occu·

47 2145 224 2230 patinnibus
256 2143 391 2208 liberum
422 2141 565 2208 suaviter
601 2141 817 2228 transigerem.
871 2145 963 2218 Tum

1 2261 2 2330 j
50 2275 120 2324 vtro
133 2257 241 2324 miuus
258 2255 352 2320 ctiam
377 2255 566 2340 capiebant,
589 2258 683 2338 quale
702 2261 764 2325 boc
780 2273 889 2345 esset,
914 2263 964 2328 ia·

1 2353 2 2394 ¹
54 2371 133 2440 botis
156 2373 386 2444 relaxationem
412 2375 446 2442 in
470 2373 536 2440 aiio
559 2375 668 2444 labore
686 2395 852 2459 quaereret
876 2395 966 2446 men·

51 2493 88 2558 tis
104 2494 250 2560 morbum
276 2493 409 2560 subesse
435 2491 615 2575 putabant,
640 2493 824 2562 miserantes
852 2512 903 2561 me
928 2507 967 2562 ut

54 2613 173 2680 alterum
199 2609 601 2678 Heautontimorumenum
630 2611 689 2678 iilo
715 2608 782 2678 fere
804 2611 897 2678 dicto
915 2609 967 2678 di·

57 2729 234 2812 mittebant,
265 2726 322 2796 An
348 2731 500 2816 cuiquam
530 2740 577 2792 est
600 2747 674 2794 utut
704 2729 847 2810 bomini,
874 2747 908 2793 se
933 2737 971 2794 ut

58 2848 181 2922 cruciet.
225 2843 327 2916 Docti
352 2845 529 2928 iniquiores
563 2858 673 2926 crant,
695 2863 755 2912 nec
783 2859 848 2910 tam
875 2845 972 2912 facile

62 2979 104 3032 nc
127 2963 347 3032 dimittebantt
378 2961 618 3045 corripiebant,
640 2975 672 3026 et
698 2961 799 3028 veiuti
824 2959 972 3031 debitum

66 3095 145 3146 ame
166 3079 359 3165 exigebantt
391 3121 419 3159 „
440 3075 533 3142 Heus
559 3073 621 3141 tui
651 3077 818 3158 ecquando
849 3074 975 3142 Plutar-

71 3195 138 3262 cbut
156 3193 356 3283 prodibiti”
399 3191 578 3275 Dicebam,
607 3193 752 3258 nondum
778 3189 887 3258 omnia
916 3191 976 3258 mi·

74 3305 181 3380 hittse
201 3326 313 3398 parata
337 3311 378 3378 ad
397 3311 518 3398 justam
545 3309 739 3393 editionem
773 3325 918 3394 magnam
942 3327 975 3376 et

76 3427 174 3496 nrum
198 3449 271 3500 esse
298 3447 448 3516 operam,
470 3427 722 3510 emendationis,
745 3427 999 3509 interpretatio·

74 3541 144 3626 nis,
160 3563 325 3635 apparatus
341 3547 504 3616 doctrinae
527 3545 728 3632 colligendi,
750 3561 850 3631 porro
875 3549 979 3616 variat

73 3655 208 3732 lectiones
235 3678 428 3749 congerere,
450 3663 576 3731 indices
601 3660 780 3744 conficere,
802 3661 908 3730 omnia
926 3663 982 3730 de·

74 3773 161 3858 nique
184 3784 335 3870 digerere.
381 3779 468 3850 Tum
493 3781 564 3850 illis
618 3778 721 3866 „Da
748 3779 835 3863 quod
861 3777 982 3858 habes,

76 3935 98 3977 ιι
116 3903 227 3986 reliqna
260 3903 430 3991 supplebis
453 3903 550 3972 altera
578 3901 741 3972 editione:
763 3901 913 3970 utendum
933 3903 985 3959 est

538 4013 571 4087 Τ
589 4037 614 4104 4
893 4027 916 4070 n
936 4007 987 4076 ῙΏ·
