2470 4724
213 326 344 400 vrrs
380 323 425 396 o.
461 317 797 394 rerumrerum,
904 333 993 422 559,

59 537 124 592 ruat
144 533 177 586 et
195 515 466 601 exquisitiores,
490 528 572 594 quae
594 513 798 596 grammatice
818 517 981 602 explicans

61 655 139 720 tur,
161 637 257 718 idque
274 632 429 709 breviter,
445 629 538 694 nullo
555 645 628 691 cum
642 627 835 696 eruditionis
851 650 990 714 appara«.

58 769 116 832 tu,
137 750 236 818 nullis
261 747 396 818 aliorum
419 744 619 830 Scriptorum
647 741 869 812 testimoniis:
888 761 985 812 accu-

56 881 123 940 rate
147 881 249 932 tamen
274 878 306 930 et
327 862 512 948 diligenter,
544 859 668 930 utiliter
692 858 770 926 item
797 859 837 930 ad
863 861 983 929 multo·

57 975 288 1054 rum’locoram
303 995 377 1050 cum
404 972 645 1058 intelligentiam
661 973 887 1058 aperiandam,
911 991 983 1044 tum

53 1111 159 1166 veram
195 1092 364 1164 lectionem
390 1086 662 1158 constituendam.
716 1083 883 1160 Credibile
906 1103 997 1190 est,

48 1208 224 1292 pleniorem
251 1205 526 1290 amplioremque,
557 1219 653 1288 quam
681 1215 718 1274 ut
747 1221 832 1276 natae
856 1203 982 1289 fertur,

51 1323 222 1398 a'limaco
242 1323 364 1396 editum
381 1319 484 1388 fuisse
504 1318 644 1399 librum,
666 1338 703 1384 ac
723 1334 837 1401 postea
854 1321 892 1385 ab
908 1322 982 1391 aliis

54 1440 92 1511 ad
109 1440 190 1506 hanc
207 1437 394 1510 brevitatem
413 1439 586 1510 redactum.
638 1433 885 1522 Interpolatoris
899 1417 982 1536 qap·

59 1577 122 1646 que
150 1577 263 1632 manus
288 1571 442 1650 apparet,
460 1572 545 1626 cum
569 1552 642 1622 aliis
663 1554 698 1622 in
720 1556 825 1638 locis,
857 1569 927 1626 tum
948 1533 996 1630 ira.

55 1671 374 1764 additislrequenter
396 1672 515 1756 glossis
534 1670 743 1742 Herodoteis.
788 1671 872 1754 Ejus
895 1673 986 1746 libel·

54 1794 79 1858 li
103 1791 280 1872 exemplum
307 1787 454 1856 exstabat
482 1786 517 1854 ia
542 1784 745 1858 Bibliotheca
758 1786 989 1894 nomimant,

55 1907 239 2002 undecune
270 1904 303 1970 in
328 1920 425 1986 opere
449 1901 512 1972 hoc
542 1901 616 1984 ipso
644 1900 774 1968 nomine
807 1902 988 1972 Bibliothe-

55 2040 112 2092 cae
129 2018 350 2092 coislinianae
368 2020 524 2104 insignito
545 2019 682 2088 ediderat
712 2018 751 2090 B.
774 2021 988 2092 Montsauca·

57 2152 120 2214 nus
143 2135 266 2221 (ussi
288 2150 320 2206 et
337 2133 551 2200 Ruhnkenius
571 2137 629 2218 qui
652 2137 722 2228 ejus
741 2137 876 2205 seorsim
894 2139 986 2212 eden·

58 2251 90 2326 di
109 2251 287 2322 consllium
312 2251 472 2336 agitabat,
494 2253 676 2326 accuratius
705 2271 743 2328 tt
781 2255 856 2336 ipso
882 2271 987 2332 vetere

60 2367 170 2442 codice
193 2368 393 2452 descriptum
417 2367 599 2449 exemplum
625 2369 869 2448 nanciscebatur
893 2351 989 2444 lene-
1091 2454 1094 2462 .

60 2482 133 2554 ficio
160 2481 300 2568 Gallyi,
324 2484 484 2564 canonici
516 2483 750 2566 Norvicensis‚
782 2504 923 2568 quocum
948 2460 995 2560 ad'
1085 2467 1087 2473 ⁸

59 2595 163 2666 fontes
184 2597 357 2680 spadarios
385 2597 531 2678 notitiam
557 2599 797 2694 amicitiamque
819 2605 991 2678 contraxe-

60 2727 121 2794 rat,
132 2715 298 2812 eujusque
314 2711 438 2782 nomini
455 2711 531 2779 item
548 2729 663 2804 postea
678 2711 801 2793 'Pleraei
814 2716 988 2797 editionem

60 2824 236 2912 inscripsit,
520 2889 522 2894 .
979 2887 982 2894 .

99 2941 192 3012 Hunc
215 2942 322 3030 igitur
345 2939 490 3018 libellum
517 2939 784 3016 Hemstethusius
803 2957 834 3008 et
854 2944 989 3028 dignum

61 3061 208 3138 censebat
227 3053 290 3150 qui
313 3055 467 3145 peculiari
492 3054 631 3126 editione
658 3073 843 3148 ornaretur,
871 3073 902 3121 et
922 3057 992 3130 ido.

59 3191 150 3246 meum
173 3175 208 3248 in
232 3189 304 3266 quo
329 3169 475 3242 ornando
495 3171 615 3236 doctus
633 3170 737 3248 editor
753 3173 881 3237 doctior
897 3171 992 3241 etiam

58 3286 154 3367 lieret.
199 3289 290 3368 Nam
307 3304 381 3356 cum
401 3304 545 3372 semper,
568 3301 605 3356 ut
621 3285 786 3370 diximus,
807 3287 991 3379 judicabat,

60 3404 200 3470 studium
217 3399 410 3486 excerpendi
427 3401 668 3482 annotandique
687 3400 720 3467 in
734 3399 935 3488 juvenibus,
955 3419 997 3469 ne

60 3517 272 3608 hebesceret,
295 3513 493 3596 retinendum
513 3512 729 3612 alendumque
753 3524 824 3584 esse
841 3509 999 3602 proposi·¹

957 3646 995 3704 to

97 3808 190 3888 (²4)
211 3809 328 3871 Titulus
357 3808 419 3868 libri
436 3821 494 3879 est,
523 3805 699 3874 Bibliotheca
718 3809 913 3882 Caitlt'rtiana,
931 3807 998 3872 alta

61 3917 243 3996 Sedenim
260 3947 301 3996 π
319 3919 427 4008 eadam
450 3931 561 4094 ΜΝ

435 4039 447 4066 .
569 4037 592 4093 n
620 4037 641 4114 5
