2562 4708
231 353 234 364 ,
261 267 337 362 trs
383 200 578 336 ‘ouumn
597 258 658 332 ns
680 255 729 330 vr
749 255 814 330 nn
834 197 1100 338 nrmcscrs'

251 455 426 534 abhorret,
450 464 490 516 nt
510 449 581 532 ipse
595 445 635 514 de
653 464 704 512 ure
723 445 828 514 mults
840 441 956 520 disum.
1000 453 1076 537 Ego
1100 459 1185 554 curm·

250 573 330 642 loco
362 587 430 636 non
461 563 647 634 smtmtian
681 563 832 646 mutavi,
862 581 922 632 nec
948 566 1183 654 Philosophiae

251 704 330 770 pum
361 679 565 768 professione
599 675 744 746 studium
758 735 762 744 .
777 695 985 764 amoremque
1016 683 1184 768 deposuit

110 785 123 792 ⁵
250 801 379 881 immo,
399 810 436 864 ut
453 809 543 864 tntea
560 813 628 863 erm
649 809 682 861 et
706 793 795 862 colui
817 807 850 862 ct
874 795 947 863 aliis
971 796 1108 878 tradidi,
1131 797 1182 865 its

251 918 290 986 in
316 927 572 998 posterumeam
595 923 628 975 et
653 908 756 975 colam
783 921 816 974 et
842 907 913 974 eliis
934 909 1180 978 commendabo.

252 1029 317 1098 Sed
341 1025 408 1094 luit
432 1025 509 1092 htcc
543 1039 668 1107 semper
698 1021 879 1088 studiorum
908 1041 1050 1090 meorum
1074 1023 1183 1106 ratio,

252 1141 385 1229 quaein
408 1137 524 1224 primis
542 1137 582 1202 ad
599 1130 777 1205 iltstoriam
805 1148 837 1199 et
858 1137 1022 1220 Antiquos
1037 1135 1183 1205 Litteras

253 1255 452 1339 neferretur}
475 1269 513 1320 ut
537 1253 569 1320 in
595 1247 812 1340 Philosophli
829 1255 1033 1337 diverterem,
1049 1255 1089 1320 in
1107 1255 1185 1324 Lit-
1234 1311 1237 1318 ,

253 1377 334 1450 otis
355 1371 552 1448 restorem:
590 1385 629 1438 ut
651 1370 686 1438 nt
713 1349 928 1456 errro'sopuu
952 1372 1096 1438 asserem
1128 1373 1184 1441 rna

251 1505 495 1574 strumentum,
516 1485 551 1556 in
568 1485 704 1554 Litteris
727 1486 844 1557 linem:
866 1501 903 1554 ut
918 1490 952 1555 in
966 1487 1185 1571 philosophis

255 1607 341 1683 mihi
352 1617 462 1674 esseut
479 1602 675 1702 suxilispiu
688 1601 822 1672 Litteris
839 1602 985 1670 roboret
1005 1603 1186 1672 firmamen-

208 1759 213 1776 ι
254 1741 342 1798 tum.
385 1722 472 1810 Quis
497 1717 600 1808 igitur
622 1735 679 1787 sut
699 1739 767 1791 nun
788 1721 965 1808 intelligat,
986 1705 1187 1790 Litterarum

185 1825 188 1836 ¹
253 1841 478 1930 cognitionem
496 1853 620 1922 semper
635 1837 713 1905 uihi
731 1857 770 1904 eo
786 1841 861 1906 loco
883 1839 1045 1922 modoque
1060 1836 1188 1922 fuisse,

256 1973 298 2028 ut
314 1954 416 2040 magis
436 1971 492 2037 per
517 1970 609 2035 eam,
635 1967 730 2033 quum
753 1967 811 2034 per
826 1949 1055 2034 Philosophiae
1074 1953 1191 2036 cogni·

181 2065 183 2070 ’
256 2070 404 2150 tionem,
425 2081 456 2133 et
482 2064 561 2132 mihi
586 2077 618 2130 et
642 2063 716 2131 aliis
742 2061 925 2132 satisfacere
949 2067 1106 2150 posterni
1132 2081 1192 2136 tut

258 2187 362 2270 quis,
395 2181 451 2267 qui
478 2182 560 2248 illud
588 2181 758 2266 intelligit,
790 2183 863 2268 jure
882 2199 934 2250 me
959 2184 1196 2268 reprehendat,

261 2301 353 2386 quod
367 2297 598 2382 Philosophiae
619 2295 816 2384 Litterarum
838 2298 1075 2382 professionem
1101 2312 1197 2365 ante-

260 2415 385 2502 posuii
428 2411 563 2480 Accedit
581 2410 647 2482 aliu
666 2429 806 2494 neusse,
827 2429 928 2495 eaque
951 2411 1141 2496 gravissimu
1158 2425 1197 2478 en

260 2551 336 2600 curn
355 2529 452 2598 rebus
476 2525 554 2594 meis
573 2540 659 2594 arcte
684 2529 873 2614 conjuncta.
916 2525 1011 2608 ligo,
1033 2543 1108 2592 eum
1135 2543 1200 2609 per

243 2633 329 2716 'duo
347 2645 497 2726 deinceps
516 2642 551 2710 in
576 2643 635 2709 hac
660 2641 741 2709 urbe
768 2654 858 2726 geste
880 2638 1017 2706 docendi
1036 2655 1199 2723 munera,

262 2772 334 2832 turn
359 2778 416 2844 per
441 2775 587 2844 magnam
613 2757 756 2842 ejusdem
782 2749 857 2824 c'um
884 2756 981 2824 ntuli
1006 2760 1075 2823 med
1092 2757 1201 2839 patria

263 2873 532 2952 similitudinem,
555 2889 703 2954 motum,
728 2873 857 2956 legum,
873 2871 1121 2942 institutorum
1146 2873 1201 2938 his

180 3013 186 3026 ·
262 2991 365 3079 igitur
389 2987 513 3057 caussis
539 2987 695 3070 paulatim
730 2988 853 3055 lactum
877 3001 950 3069 est,
982 2987 1020 3052 ιιι
1042 2987 1084 3052 nd
1114 2987 1199 3054 hauc

263 3109 403 3185 urbem,
439 3085 542 3171 veluti
567 3101 607 3168 td
634 3104 763 3169 alteram
794 3101 952 3186 patriam,
984 3117 1060 3166 cum
1086 3099 1200 3167 enimn

264 3237 433 3304 sensuque
456 3218 733 3300 tdhaerescerem‚
758 3233 826 3284 tum
847 3215 974 3305 judicio
996 3227 1030 3280 et
1046 3213 1204 3282 voluntt-

265 3355 300 3408 tc
316 3360 366 3408 mc
384 3339 589 3423 applicarem.
624 3339 762 3428 Quare,
785 3341 815 3410 si
836 3342 912 3410 hsce
928 3336 1102 3424 praecipue
1117 3336 1202 3404 urbs

262 3454 348 3546 mihi
370 3454 531 3540 diligen&
544 3467 581 3522 et
601 3458 738 3526 colenda
762 3472 833 3539 est,
858 3453 976 3538 quidni
999 3469 1068 3520 eum
1093 3467 1126 3518 et
1151 3451 1206 3518 di·

261 3575 364 3658 ligem
388 3587 421 3640 et
448 3571 554 3640 colam
578 3591 617 3642 eo
644 3576 827 3644 studiorum
852 3591 990 3660 genere,
1018 3573 1109 3656 quod
1131 3571 1206 3656 ipse

261 3681 345 3774 prrt'e
368 3683 441 3752 eliis
466 3682 641 3771 praecipue
656 3689 775 3758 studiis
794 3705 919 3771 semper
939 3701 977 3755 es
997 3687 1087 3756 colui
1099 3701 1137 3756 et
1151 3685 1207 3756 dl·

265 3801 350 3892 lixis
392 3799 542 3890 Nomi
559 3805 648 3892 quod
665 3805 729 3879 hoc
747 3805 824 3876 inco
849 3803 1033 3894 quidquem
1050 3803 1207 3874 dissimu-

673 3935 679 3942 ·
1116 3915 1209 3998 lene
