2508 4712
220 351 371 438 iana
382 357 439 432 n.
475 345 814 438 nunterston
907 379 980 460 rou

40 565 144 644 ηιιιι
163 559 262 622 autu
269 547 369 622 editu.
411 542 537 615 enuit
559 545 684 618 demum
702 548 856 620 surmio
881 569 977 638 poet

40 695 98 759 ea,
120 670 360 754 emungat
898 697 904 734 ι
972 725 976 736 .
1025 733 1027 738 .

87 793 216 862 Attulit
233 791 315 888 irleru
329 805 434 860 auoua
448 787 627 870 quaeriuu
616 806 660 858 ur
658 801 837 876 utramque
854 803 977 877 partem

40 907 190 994 insignit
216 879 423 972 Ruhnkenio.
472 897 567 969 Uxor
591 903 681 986 gravi
706 903 819 972 norbo
843 902 979 983 afflicte,

40 1021 159 1098 deindo
174 1015 303 1090 sanitati
316 1017 475 1086 restituta.
518 1015 662 1088 Luctum
685 1036 724 1086 ex
749 1019 866 1103 optimi
890 1017 979 1086 Dos·

43 1139 155 1211 vtreni
170 1137 265 1208 obitu
281 1149 469 1220 susceptum
487 1132 608 1202 lenuit
622 1131 739 1210 notitia
756 1134 977 1218 sueooesoris,

45 1251 211 1339 Paradyaii
228 1251 353 1332 nostri,
369 1265 437 1332 quo
451 1233 517 1316 'non
534 1233 645 1316 minus
661 1247 705 1317 ob
721 1249 978 1330 pneciartnan

44 1373 94 1452 tis
120 1369 261 1438 medicae
288 1364 474 1447 seientiam,
505 1382 601 1449 quatu
626 1363 670 1434 ob
703 1361 883 1432 doctrinam
902 1382 977 1433 curn

45 1496 233 1559 nostrarum
257 1479 436 1548 Literrrutu
465 1478 619 1564 elegantia
644 1479 868 1564 conjunctam,
893 1481 978 1550 dele·

47 1603 145 1672 etati·
162 1600 305 1671 solebat..
349 1595 433 1668 Mox
462 1599 665 1684 gratissimus
696 1600 828 1669 advenit
857 1601 979 1688 hospes

52 1719 202 1788 Thomas
220 1715 435 1800 turgottus,
450 1711 642 1782 Britannus:
663 1715 758 1801 cujus
775 1717 980 1792 excellentem

47 1833 231 1905 Liternum
258 1829 426 1904 scindam
449 1847 519 1908 rere,
544 1829 697 1912 quaeum
724 1829 857 1897 ornabat
880 1832 980 1902 animi
1117 1907 1121 1918 ¹
1251 1815 1252 1892 ἶ

47 1951 199 2040 probitas
222 1963 415 2033 tuorumque
432 1947 611 2032 modestiat
634 1947 720 2016 unde
739 1945 880 2016 amititia
903 1968 980 2019 curu

47 2079 217 2154 praesente
244 2063 342 2135 nobis
373 2060 574 2142 conciliata,
605 2057 717 2132 deiude
742 2075 819 2126 cun
851 2059 980 2132 absente

45 2183 201 2268 epistolia
226 2179 408 2265 officiisque
429 2179 546 2266 viguit.
609 2207 613 2214 ⁴
880 2239 882 2244 ,

94 2295 234 2371 Μιιιίιὶ
249 2307 299 2364 ιιι
315 2293 546 2364 Ruhnkeuium
574 2293 635 2364 illo
659 2308 805 2380 ternpore
829 2313 978 2382 monere,

48 2425 90 2478 ut
109 2409 287 2479 vitaesure
303 2423 485 2495 ugurueuta
506 2409 632 2493 scripto
649 2424 796 2498 notaret;
818 2425 857 2481 ut
872 2429 981 2496 esset,

51 2529 141 2600 uude
158 2545 233 2600 een.
248 2527 305 2597 alii
326 2529 592 2610 conscriberent,
613 2527 698 2613 ipso.
717 2545 869 2614 mortuo,
891 2549 983 2599 eutu-

49 2663 122 2734 que
144 2659 196 2714 lue
215 2641 362 2714 futurum
389 2645 566 2730 profitetu-
579 2646 612 2712 si
631 2647 759 2728 quiden
785 2667 835 2715 rue
858 2648 907 2716 illi
924 2667 984 2716 su·

54 2753 221 2849 perstitem
252 2759 383 2831 iecisset
406 2758 548 2827 sonunt.
594 2758 667 2839 illi,
697 2761 897 2828 voluntatens
917 2764 981 2831 sibi

60 2897 163 2951 nean
189 2896 257 2947 uon
286 2875 440 2962 iugum
464 2885 535 2942 esse
559 2873 753 2955 osteudens,
775 2875 925 2956 promisit
947 2895 983 2944 se

55 2997 218 3064 facturum
247 2992 338 3076 quod
364 3005 515 3076 peteteut.
572 2992 696 3058 Interea
713 2989 768 3057 ille
789 2991 837 3058 nil
866 2991 982 3062 larun

58 3113 258 3199 iuueten
273 3109 411 3182 subinde
426 3111 563 3178 instaret
584 3108 722 3194 denique
739 3109 794 3176 lile
811 3111 984 3195 responde·

61 3249 115 3314 re,
136 3229 215 3298 attia
243 3247 295 3298 rue
320 3246 371 3296 res
390 3246 466 3304 suas
491 3225 597 3308 seire,
618 3225 698 3295 satis
714 3225 809 3294 etiam
831 3225 896 3293 sibl
912 3241 985 3293 esse

59 3345 229 3432 eseriptis
252 3345 325 3414 suia
348 3344 517 3431 cognosci.
560 3341 650 3430 Ergo
672 3360 713 3410 eo
736 3341 838 3426 magis
853 3359 983 3426 operam
1112 3394 1117 3402 .

61 3461 157 3546 dedi,
171 3477 209 3530 ut
225 3479 276 3528 res
289 3463 359 3548 ejus
375 3474 710 3546 cognoscerent‚cum
727 3476 768 3526 ex
782 3457 856 3543 ipso
870 3459 904 3526 in
918 3457 985 3541 pri·

53 3575 129 3666 „ntis
141 3585 373 3658 percunctans,
385 3585 454 3638 tunt
470 3571 552 3640 elios
565 3571 658 3639 etiam
672 3572 882 3657 interrogans.
913 3569 985 3640 Cu·

63 3695 118 3780 jue
141 3687 339 3774 cognitionis
368 3685 559 3756 auctoritate
573 3683 677 3755 fruor
702 3701 790 3754 nuuc
812 3685 893 3754 hane
912 3683 989 3756 viri

49 3809 175 3880 .vitru
190 3804 358 3874 memoriae
373 3805 490 3888 prodo.

43 3976 47 3986 .
110 3921 339 4004 ilalekenatiur
355 3921 443 4000 dien.
451 3919 536 3992 obiit
550 3919 735 4004 insequente
751 3933 836 3998 euno
849 3915 986 4005 (1785)

901 4047 990 4100 rnen·
