2470 4724
182 369 317 454 utun
351 369 397 438 n.
435 361 801 438 nuuuuuutre
877 385 967 463 stt:

12 581 89 634 tunt
108 557 237 639 rerunt,
257 553 382 638 quibus
408 550 616 637 propositum
643 569 729 637 opus
754 567 889 622 oruemt
914 571 950 626 et
1032 559 1034 572 '

12 682 257 763 locupletetur3
281 689 381 756 quum
399 669 483 738 iuter
504 667 674 753 legendum
690 667 849 740 continuo
867 671 966 740 lucis.

12 799 128 866 uuus
147 767 325 872 invoces,
346 787 531 870 tretonae,
553 786 733 870 uictorias,
764 788 799 856 tn
828 790 914 856 nuto
930 793 963 861 a.

12 916 121 986 uobis
139 909 264 980 mendo
283 908 358 974 item
380 906 549 992 proditone
569 921 671 988 quum
694 905 850 974 similium
867 908 965 975 mul..

12 1045 137 1098 totum
155 1023 395 1108 comparatione
417 1023 588 1103 locorum,
612 1023 677 1088 vim
700 1041 866 1108 usumque
883 1043 965 1092 ver..

12 1143 141 1212 borum
158 1137 404 1232 dictionumque
420 1133 677 1215 constituimus,
697 1149 850 1220 corrupta
865 1137 963 1206 sani·=

12 1258 87 1324 tati
112 1253 334 1334 restituimus,
357 1253 539 1336 ignotarum
567 1265 721 1331 parumve
746 1250 965 1334 cognitarum·

12 1391 61 1441 ex
80 1369 170 1440 omui
187 1366 336 1436 Historia
351 1379 385 1434 et
399 1365 603 1448 Antiquitate
615 1383 720 1432 rerum
734 1364 962 1450 reliquiarum·-

13 1504 90 1569 que
107 1485 257 1555 notitiam
274 1479 507 1567 pateimimnse
530 1501 613 1564 quac
627 1483 736 1550 omnia
753 1502 811 1567 pet
826 1503 958 1554 accura-

13 1617 89 1672 tum
99 1601 272 1670 lectionem
287 1617 319 1668 ct
336 1601 573 1668 annotationem
591 1613 711 1684 sponte
722 1619 760 1669 sc
775 1602 840 1670 sub
856 1621 958 1673 uranu

12 1733 219 1790 nascuntur.
244 1715 431 1786 Ruhukertii
447 1715 602 1784 Timaeus
621 1735 689 1784 nou
704 1701 804 1786 'modo
818 1718 964 1806 iusignia

12 1839 94 1904 buc
111 1849 152 1910 et
164 1831 417 1906 absolutissimis
437 1833 478 1900 ab
493 1833 584 1900 illins
601 1833 963 1920 iugmiuuoetrluaqus

16 1949 253 2020 adfluentibus
270 1947 376 2031 copiis
393 1962 526 2016 ornatus
543 1947 682 2032 prodiitt
700 1951 755 2018 sed
767 1949 962 2032 peculiarem

19 2072 128 2140 etium
150 2085 187 2135 ac
214 2065 418 2150 praecipuam
442 2061 555 2130 habuit
578 2065 793 2135 accessionem
815 2066 963 2134 suavita·

19 2186 98 2264 tis,
119 2201 194 2249 curu
215 2183 255 2248 ab
271 2181 376 2265 ipsius
398 2181 531 2248 edituris
548 2181 679 2262 indole,
702 2183 958 2267 cousuetudine,

21 2319 55 2370 et
71 2302 249 2379 facultate,
258 2305 333 2364 tunt
348 2301 370 2366 i
383 2298 457 2366 libri
470 2311 678 2382 unguntum,
691 2297 871 2380 profectae.
895 2301 961 2366 Ara

24 2429 220 2505 gumentum
240 2429 387 2481 vetamur
410 2415 444 2481 in
461 2413 604 2482 Platonis
623 2414 785 2499 dictione,
808 2433 889 2498 quae
906 2414 959 2483 'ab

25 2534 122 2605 omni
137 2551 217 2601 aeuo
234 2543 266 2598 et
282 2517 445 2598 nominata
462 2546 494 2600 et
512 2529 619 2598 habita
635 2545 685 2598 est
707 2531 838 2614 divinae
863 2533 964 2616 quipe

27 2670 69 2736 pe
99 2651 144 2717 ita
158 2663 190 2714 et
204 2647 374 2715 verborum
392 2649 520 2715 delectu
538 2661 570 2714 et
587 2646 840 2729 compositionis
858 2648 961 2715 ratio*

29 2787 70 2836 ue
87 2764 247 2845 formata,
269 2764 490 2845 omnibusque
504 2763 706 2845 eloquentius
717 2761 899 2830 luminibus
910 2763 961 2830 die

30 2883 176 2962 stincta3
200 2892 237 2949 ut
261 2878 421 2960 triplicem
445 2877 532 2942 illam
551 2876 707 2944 orauonis
734 2877 867 2958 dotent,
890 2893 966 2959 per·

32 2993 241 3077 spicuitatem
254 2992 288 3060 ln
303 2992 471 3072 docendo,
487 3004 685 3058 venustatem
700 2991 735 3058 iu
751 2993 962 3079 delectando,

34 3109 225 3196 gravitatem
247 3109 281 3174 in
295 3109 550 3190 commovendo,
573 3127 660 3176 nnus
677 3109 823 3180 omnium
842 3109 875 3178 ln
894 3125 965 3182 totu

33 3225 228 3308 antiquitate
246 3225 381 3294 maxime
396 3225 555 3309 tenuerit,
575 3242 607 3294 et
626 3247 724 3296 uuum
745 3232 831 3312 apuu
851 3243 963 3313 poste·

37 3359 95 3410 ros
109 3340 209 3430 hujus
229 3325 477 3408 bunis'soeinm
502 3339 650 3414 habuerit
668 3341 871 3412 Ciceronem.
916 3341 963 3412 Et

36 3457 150 3543 prouti
165 3455 325 3539 Latinos,
335 3458 394 3538 qul
412 3471 487 3540 post
500 3457 691 3526 Ciceronem
707 3457 862 3544 ‘luctuum
878 3457 966 3528 Scri·

37 3592 172 3660 ptores,
193 3574 258 3642 nisi
281 3575 366 3641 lecto
388 3573 568 3657 Cicerone,
592 3587 677 3643 reete
702 3574 880 3658 intelligere
909 3591 966 3642 uc·

39 3707 95 3756 mu
110 3686 241 3772 potest:
267 3701 344 3771 aut,
368 3703 405 3758 ut
425 3689 573 3770 exemplu
598 3687 699 3772 magis
718 3686 760 3754 etl
776 3685 965 3769 popularem

39 3819 173 3888 captum
196 3807 438 3876 accommodato
466 3821 558 3887 utar,
580 3805 692 3887 pronti
708 3802 832 3872 Patrem
850 3801 966 3870 uecte-

36 3917 212 3996 eiautiauut
234 3937 328 3994 nemo
347 3921 524 4005 iutelligit,
553 3918 618 3992 uisi
630 3979 634 3986 .
648 3916 710 4004 qut
729 3933 842 4000 tactos
863 3915 967 3986 libros
1087 3951 1093 3978 t

940 4021 977 4098 in
