2438 4718
92 353 188 470 'nt
211 351 467 432 ιιιιιιιοιιιιιι
487 346 815 430 concinnum
873 367 959 456 „p
1055 369 1062 382 =

27 565 203 629 nasorum,
219 545 422 629 temporibus
439 543 563 625 fuisse,
576 543 773 632 intelligitur
790 543 830 616 ex'
845 543 947 633 ipsius

28 670 86 736 rlio
94 669 171 736 ioco
180 665 233 733 De
242 662 356 732 Exilia
366 663 452 745 apud
460 662 633 727 stobaeum
643 663 746 729 serm.
760 664 945 735 xxxviii.

25 803 58 869 p.
79 803 156 866 231.
200 781 358 865 Perperam
381 795 454 844 eum
472 777 820 862 Pythagoricamlacit
836 781 951 852 Fabri·

23 902 91 966 tius
112 899 152 964 B.
174 895 219 963 G.
241 891 316 959 Vol.
334 889 362 960 1.
386 911 420 975 p.
438 909 514 975 523.

63 1017 127 1083 lli.
152 1013 195 1078 At
215 1007 297 1074 forte
323 1004 464 1091 scriptor
485 1003 583 1090 hujus
606 1004 706 1071 libelli
734 1007 842 1075 noluit
869 1028 943 1092 per.

22 1127 181 1208 vulgatam
204 1123 289 1189 illam
317 1136 457 1204 quatuor
476 1121 592 1187 artium
618 1121 876 1191 distributionem
892 1141 947 1191 se·

23 1242 105 1322 quil
146 1238 180 1307 si
196 1238 326 1320 noluit,
344 1237 479 1305 debebat
495 1255 562 1304 eam
580 1251 664 1304 certe
679 1256 870 1320 memorare,
891 1259 948 1308 ree

20 1354 226 1438 prehendere,
251 1352 411 1420 meliorem
437 1351 578 1420 suadere.
622 1351 697 1418 Hoc
717 1372 792 1422 sane
809 1354 935 1424 Piunr.

21 1471 93 1540 ebus
115 1469 262 1537 fecisset.

54 1587 98 1654 At
116 1585 278 1668 fortasse,
294 1587 417 1656 etiamsi
437 1585 466 1655 si
478 1586 722 1657 distributionis
739 1591 829 1658 iilius
848 1609 939 1660 com·

23 1698 280 1770 memorationem
299 1701 435 1782 omnir,
452 1702 491 1766 de
512 1701 593 1784 ipsis
610 1716 714 1770 tanen
732 1705 785 1772 his
800 1721 941 1787 quatuor

21 1817 162 1902 partibus
189 1816 376 1900 praecepit?
420 1818 486 1884 Iste
512 1837 611 1900 vero,
633 1839 737 1903 neque
761 1823 800 1888 de
824 1822 940 1892 Gram-

22 1934 147 2016 matico,
168 1951 274 2018 neque
294 1935 333 2000 de
350 1933 503 2012 Musica,
526 1953 630 2016 neque
646 1935 686 2002 de
710 1934 862 2021 Pictura,
877 1942 943 2010 'vel

20 2063 109 2116 unum
125 2050 257 2119 verbum
278 2049 361 2118 dixit
371 2071 381 2117 a
392 2049 636 2132 Gymnasticam
652 2050 697 2118 ira
713 2055 936 2138 commendat,

20 2179 50 2230 ut
74 2167 141 2251 ejus
160 2184 268 2234 veram
294 2164 359 2232 vim
389 2182 426 2230 ae
448 2182 553 2248 partes
579 2162 745 2268 ignorasse
765 2169 932 2256 videatur3

18 2281 93 2348 adeo
115 2283 221 2350 leviter
244 2296 281 2352 ct
301 2279 449 2350 universe
465 2282 503 2348 de
519 2299 553 2348 ea
570 2281 739 2364 loquitur:
761 2289 851 2368 quod
870 2307 933 2356 suo
1075 2345 1080 2356 .

16 2395 87 2466 ioco
114 2400 345 2484 spectabimus.
406 2399 567 2480 Constat,
600 2397 832 2474 Grammaticae
861 2417 935 2470 stu·

18 2513 93 2582 dium
117 2518 238 2602 puerile
275 2495 464 2601 hujusmodi
496 2512 620 2597 fuisse,
651 2532 689 2584 ut
722 2536 801 2600 puer
824 2517 931 2601 primo

20 2631 94 2714 tpud
115 2631 404 2716 Grammatistam,
428 2631 461 2699 id
486 2647 536 2699 est
555 2629 641 2698 Ludi
659 2633 865 2716 magistrum,
888 2633 932 2698 le·

19 2763 81 2830 gere
101 2767 136 2816 ac
168 2748 315 2820 scribere
339 2747 498 2830 disceret,
529 2761 597 2814 tum
628 2749 714 2836 apud
739 2747 932 2816 Grimmati·

18 2879 104 2945 cum,
125 2867 179 2947 qui
198 2884 301 2950 saepe
323 2879 356 2932 et
380 2864 526 2932 Criticus
542 2861 727 2944 dicebatur,
749 2879 861 2944 poetas
883 2863 930 2930 le.

19 2990 97 3055 geru
123 2992 152 3044 et
176 2982 294 3048 stilum
317 2977 623 3062 componendasque
647 2976 803 3042 orationis
827 2975 931 3046 facul·

16 3099 100 3155 tatem
117 3106 293 3162 tremerem
318 3093 443 3175 quode
463 3109 550 3159 ruore
572 3091 630 3174 qui
643 3091 735 3175 plura
753 3109 932 3176 cognosce·

15 3220 45 3267 re
61 3207 144 3294 ruit,
165 3212 260 3278 adeat
281 3221 406 3294 practer
422 3206 535 3276 Vossii
554 3205 672 3274 librum
701 3223 797 3290 supra
822 3205 931 3274 lauda-

14 3323 155 3407 tum,Jo.
172 3324 380 3394 Wowerinm
398 3322 438 3390 de
457 3321 656 3407 Polymathia
675 3322 758 3406 Cap.
777 3320 925 3391 lv-x.

15 3444 41 3494 et
56 3451 90 3502 er
105 3435 280 3508 Veteribus
296 3437 558 3526 Quinctiiianum
571 3437 681 3508 instit.
701 3435 792 3504 Orat.
810 3433 888 3504 Lib.
899 3435 926 3504 l.

14 3543 248 3631 Cauil-Ili.
294 3553 498 3623 Plutarchum
525 3566 672 3621 nostrum
700 3551 751 3618 De
766 3549 928 3636 Legendis

13 3658 124 3751 Poetis,
140 3671 200 3738 ubi
218 3672 303 3738 hanc
318 3671 451 3754 puerilis
469 3671 687 3739 institutionis
705 3686 824 3754 partem
845 3690 924 3756 pro·
993 3731 996 3739 .

14 3780 74 3860 irie
95 3787 260 3854 enotavit.
313 3790 357 3858 At
384 3788 482 3875 hujus
513 3787 566 3856 De
590 3785 797 3855 Educatione
825 3783 930 3852 libelii

14 3899 139 3986 ttriptor
167 3908 211 3974 de
236 3919 356 3976 neutro
379 3905 612 3978 Grammaticos
635 3923 764 3978 munere
792 3905 929 3976 verbum

13 4043 16 4054 ·
880 4020 928 4086 di-
