2562 4708
264 305 340 393 sm
395 293 578 382 onusto·
592 289 1095 390 numerusnumerous*

270 517 353 582 nes,
374 501 444 566 sive
462 485 727 580 anticipationes:
749 496 848 564 simul
866 489 959 566 etiarn
976 499 1088 570 harum
1102 521 1196 572 cotn-

270 617 438 703 patatione
463 605 588 698 profert
611 601 648 678 se
668 614 822 696 paulatim
841 614 965 698 primm
989 619 1098 686 decori
1120 637 1192 690 sort·

272 753 351 816 sus,
374 748 441 799 tum
457 729 599 796 imitandi
614 728 777 811 studium,
799 725 834 796 in
848 741 918 812 quo
930 725 1096 802 verissime
1116 736 1193 802 llei-

270 853 406 918 stoteles
428 861 546 930 portem
565 845 721 911 humanae
737 857 867 912 natutae
887 819 1035 930 posuit.⁴
1057 851 1102 918 Et
1117 865 1196 920 sont

272 969 373 1054 liujus
398 963 589 1033 imitationis
610 965 679 1030 duo
701 961 793 1046 quasi
819 963 941 1050 capitas
974 967 1131 1053 alterurn,
1157 985 1195 1039 at

66 1141 74 1164 ,
168 1171 169 1174 ¹
274 1081 416 1152 infantes
447 1095 550 1145 rerum
577 1077 759 1146 simulacris
782 1090 815 1144 et
838 1077 1033 1163 imaginibus
1063 1081 1196 1150 rniribca

270 1203 434 1287 'gattdeant
460 1209 493 1263 et
517 1193 728 1278 magistriam
753 1213 847 1278 quarn
873 1195 954 1277 ipsis
977 1197 1093 1280 rebus,
1117 1198 1196 1283 ipsi·

274 1331 340 1400 que
366 1311 484 1395 lingere
501 1322 625 1390 semper
649 1308 956 1393 aliquid‘studemta
980 1311 1136 1394 altmunt,
1157 1327 1195 1382 ut

271 1448 408 1510 eornm,
431 1443 516 1510 quos
541 1423 685 1508 quotidie
709 1425 821 1492 vident
846 1423 1060 1508 opimant,
1092 1426 1198 1494 horul-

271 1549 354 1616 in‘tm
380 1531 545 1612 assumant
567 1555 601 1608 et
625 1542 760 1608 induant
782 1539 948 1624 bobinum,
978 1556 1125 1628 gestum
1146 1547 1197 1614 su.

266 1679 427 1749 cessum,
454 1647 630 1743 obtutum,
656 1675 791 1743 vocem,
823 1663 873 1727 vel
898 1660 994 1728 inscii
1019 1663 1059 1730 ad
1086 1681 1197 1770 qutun

267 1781 487 1856 ‘imilationem
504 1779 651 1861 induc-ti,
673 1779 724 1845 vel
743 1779 816 1846 dati
824 1781 931 1862 operi
946 1777 1070 1846 similes
1085 1779 1127 1848 iis
1142 1780 1198 1848 bo

275 1910 304 1980 ri
320 1905 501 1989 cupientes.
545 1897 650 1980 Mox,
671 1897 727 1963 ubl
745 1898 936 1966 continuum
955 1917 1132 1970 sermomm
1153 1903 1202 1970 im

267 1995 420 2104 ‘colligere
440 1995 637 2100 coeperunt,¹
660 2005 837 2094 novimus‚'
860 2011 1033 2096 profecto,
1067 2034 1105 2082 ut
1130 2035 1201 2098 nar·

267 2131 468 2204 'ratiunculis
488 2129 592 2196 rerbrn
618 2141 777 2214 gestarum
802 2129 1019 2196 delectentutt
1042 2145 1111 2198 uta
1131 2149 1202 2200 nar-

267 2240 415 2320 ‘santium
446 2265 501 2315 ore
527 2247 702 2349 pendeanta
736 2263 771 2312 ut
795 2245 1037 2354 intercalantis
1064 2265 1095 2316 et
1124 2251 1200 2318 aitis

270 2363 506 2451 ‘cogitationem
523 2365 705 2450 deponant:
728 2382 766 2434 ut
787 2369 1197 2438 nurmtlonem'inclroatasn

267 2473 417 2562 'relinqui
438 2494 469 2546 et
486 2477 748 2564 quasiabrumpl
772 2480 1008 2566 aegre‘ierantr
1035 2500 1070 2549 ut
1091 2485 1131 2550 ad
1155 2485 1200 2552 rei

266 2593 485 2664 'atrocitatem
503 2575 689 2675 horrentes,
712 2609 743 2662 et
766 2594 867 2679 magis
893 2597 992 2686 etittn¹
1006 2600 1044 2686 ael
1070 2601 1113 2665 tei
1135 2603 1203 2670 exi-

267 2715 372 2793 'tnm‚
411 2724 505 2790 quem
536 2701 722 2793 coniectori
752 2699 975 2793 praecipiunt,
1009 2725 1202 2798 trementes,

271 2847 352 2896 uum
377 2841 480 2892 tamen
505 2824 626 2908 quovis
649 2808 748 2892 modo
767 2824 877 2893 audire'
899 2827 1019 2896 velint:
1042 2840 1079 2896 ut
1101 2831 1204 2915 lacry-

235 2987 239 2996 ·
270 2935 387 3008 ‘mtrlas
403 2935 541 3007 fundunt
557 2939 835 3008 commiseratione
860 2941 1079 3010 innocentium
1101 2959 1135 3010 et
1158 2943 1207 3013 tf·

280 3061 467 3137 iberorum,
490 3072 666 3137 eorumque
682 3053 905 3124 defensoribus
923 3079 960 3126 ac
976 3060 1203 3132 liberatoribus

268 3165 374 3238 'octo
394 3151 531 3254 apudtir
548 3185 589 3236 et·
604 3172 721 3253 gratias
741 3183 855 3254 agant,
872 3188 910 3240 et
927 3175 1046 3242 similes
1063 3173 1130 3242 lieri
1147 3198 1207 3246 cn·

269 3284 394 3370 ‘piantt
425 3297 462 3350 ut
486 3284 682 3366 simulatque
701 3303 946 3371 cognoverunt,
970 3307 1134 3372 nunquam
1158 3297 1205 3364 ft·

269 3397 371 3465 ²crum
396 3417 466 3472 esse
488 3401 578 3483 qnod
591 3399 799 3481 sambatus,
820 3401 1001 3480 continuo,
1019 3417 1051 3469 et
1068 3405 1113 3472 rei
1130 3409 1204 3476 tris·

266 3497 328 3581 ·'cis
353 3517 468 3598 dolor‚'
498 3529 529 3582 tt
563 3516 659 3580 laetsa
690 3515 861 3599 gaudium,
891 3535 933 3584 ex
951 3534 1206 3594 tnnttecvaot·

264 3645 374 3700 ’scats
400 3645 436 3697 ut
462 3643 566 3698 tamen
589 3647 696 3699 verum
727 3630 791 3698 sibi
818 3633 937 3700 sartari
960 3639 1151 3720 postulent,
1172 3651 1204 3705 et

266 3745 403 3814 ‘laisum
430 3743 589 3830 pro-vero
615 3745 825 3814 narrantibus
839 3750 932 3815 velut
956 3753 1037 3818 elusi
1059 3772 1095 3820 sc
1119 3757 1209 3820 dece·

263 3864 341 3952 ’pti
364 3849 555 3934 irascantur.
581 3863 816 3949 oportum·
830 3865 913 3934 viter
935 3870 1086 3956 magistra
1109 3881 1206 3936 natu·

1152 3978 1205 4048 rol
