2470 4724
183 365 331 438 utra
366 365 413 437 n.
454 351 792 442 nunnacnn.
890 361 968 466 sep·

25 570 139 624 eorum
167 553 227 640 qui
251 567 413 636 tamquam
439 548 600 622 scribendi
627 555 857 642 cogitandique
880 577 958 632 nor.

26 691 99 740 mae
113 686 146 739 ct
164 671 311 753 exempla
326 671 545 766 auctoritatem
568 671 741 755 haberenra
764 675 888 758 qulbus
906 680 957 748 ia·

23 792 65 856 de
84 791 267 855 Auctorum
285 786 495 856 classicorum
523 805 641 856 nomen
665 789 766 860 venit.
813 791 957 862 Celtico.

21 921 98 971 tum
117 904 262 988 primarii
278 919 313 972 et
326 917 425 971 aetate
439 921 471 974 et
490 905 574 974 ferna
590 883 791 976 celebrantur
807 911 969 982 zenoso-⁸

21 1033 107 1102 tus,
130 1019 366 1104 Aristophanes
396 1019 599 1108 Byzantius,
620 1025 852 1112 Aristarchus,
874 1029 960 1099 Cra.

17 1153 100 1221 tes,
124 1159 261 1224 quorum
281 1139 432 1208 nonnisi
457 1141 539 1209 leuia
558 1157 737 1226 supersunt
754 1142 930 1230 fragmenta
942 1165 965 1221 a*

19 1269 56 1320 ct
84 1273 224 1338 quorum
252 1254 328 1323 libri
355 1256 470 1322 aurati
494 1257 558 1328 hoc
577 1275 678 1340 genua
698 1258 750 1324 vel
767 1261 968 1346 attingunt,'

18 1372 76 1440 vel
104 1373 390 1456 complectuntur,
406 1372 630 1456 Aristotelea,
657 1373 839 1460 Dionysius
860 1372 962 1446 Hali-¹

17 1489 271 1573 carnessensis,
293 1489 501 1572 Athenaeus,
523 1486 961 1578 Longinus,l'orpltytiusr¹

18 1601 241 1674 eruditissimi
264 1601 434 1685 homines,
458 1602 516 1686 qui
542 1617 575 1669 et
595 1599 808 1687 multiplicem
830 1612 962 1674 Auctuae

17 1741 98 1790 rum
118 1718 298 1800 doctrinam
326 1719 554 1802 materiamque
576 1735 758 1804 perceptam
782 1719 957 1805 haberent,

15 1851 50 1918 et
85 1814 298 1900 Rhetoricam
335 1824 650 1916 Grammaticamqt'te
678 1845 830 1906 tenerent.
891 1813 963 1910 &di

16 1977 93 2043 quo
112 1957 187 2022 solo
206 1953 400 2021 Rhetoricae
415 1971 545 2022 muueoe
563 1953 731 2036 conteuti,
752 1945 959 2022 laudabiliter

16 2099 56 2146 eo
85 2068 327 2159 fungerentur,
357 2073 549 2156 laudataque
572 2070 693 2156 scripta
715 2061 953 2158 relinquerent,

17 2193 89 2262 iere
111 2206 189 2262 sunt
210 2189 453 2274 Hermogenes,
477 2185 657 2272 Aristides,
678 2183 819 2273 Theon,
839 2177 954 2258 Dente·

15 2311 129 2389 trius,
152 2307 208 2376 alii
234 2323 302 2374 nou
329 2304 456 2389 quidem
483 2305 731 2389 contemnendi,
760 2323 818 2372 nec
845 2319 953 2374 tamen

18 2443 100 2492 cum
127 2419 180 2490 hia
208 2419 373 2490 doctrinae
390 2419 582 2503 praestantia
602 2421 821 2504 comparandi.
847 2414 954 2506 ¹Sunt
993 2450 995 2458 ·

17 2561 102 2610 vero
116 2541 212 2607 etiam
229 2539 356 2623 quidam
374 2539 455 2606 levis
479 2553 513 2606 et
537 2541 661 2609 nullius
686 2537 752 2607 fere
773 2539 954 2624 momenti,

19 2659 80 2744 qui
102 2653 252 2724 nonnisi
284 2655 479 2722 Dialecticae
496 2653 600 2721 abusu
616 2653 787 2736 loquacem
800 2653 955 2738 jejunita-

20 2787 88 2840 tem
109 2785 292 2853 sequuntur
306 2769 341 2838 in
357 2765 544 2844 definiendis
558 2765 727 2851 genetibus
750 2778 782 2831 et
800 2767 953 2851 caussis,

21 2887 109 2956 meri
122 2886 305 2970 Scriptores
328 2885 369 2950 de
391 2882 492 2966 Arte,
517 2880 565 2948 uti
586 2895 771 2963 vocantur,
786 2867 959 2968 semisses

19 3011 103 3090 epa,
127 2997 167 3066 ab
185 2997 276 3064 omni
298 2997 429 3064 aliarum
446 2993 626 3072 Literatutn
649 2993 810 3068 suavitate
832 2997 910 3063 nudi
925 3009 957 3068 et

18 3113 135 3186 vacui.
195 3111 234 3180 lu
266 3113 372 3190 eadem
405 3111 562 3182 tenuitate
585 3121 616 3178 et
644 3111 774 3180 levitate
803 3113 959 3201 permulti

17 3247 105 3306 sunt
130 3227 363 3304 Grammaticis
394 3244 531 3297 atvero
559 3228 668 3313 plures
700 3227 794 3298 etiam
826 3241 957 3300 exstant

19 3347 154 3438 egregie
176 3347 288 3431 docti,
319 3345 537 3429 maximaeque
556 3345 595 3412 ad
618 3343 802 3417 interiorem
823 3345 956 3429 linguae

19 3469 279 3547 Literarumque
298 3461 516 3548 cognitionem
545 3461 708 3538 utilitatis.
752 3459 878 3532 Horum
904 3461 961 3534 alil
1026 3505 1031 3514 -

20 3581 188 3653 orationis
208 3582 364 3647 elementa
381 3595 413 3646 et
432 3575 726 3662 compositionem,
748 3593 879 3656 naturae
896 3577 957 3650 ob.

22 3699 213 3768 servatione
232 3711 263 3764 et
286 3712 358 3763 vera
377 3693 543 3761 dialectica
560 3691 682 3760 ratione
700 3691 879 3775 explicant,
902 3715 958 3761 ve·
1062 3744 1066 3756 .

20 3815 90 3883 luti
118 3811 320 3898 Apollonius
347 3810 538 3896 Dyscolua,
560 3821 592 3874 et
614 3803 796 3892 Dionysius
818 3805 951 3882 Thraxa

18 3933 166 4009 suanm
188 3947 287 4020 opeta
311 3926 517 4030 continentur
542 3921 697 4010 Luticia,
718 3921 822 3998 veluti
842 3921 954 4104 Polat-

506 4037 571 4114 Nu
599 4057 624 4134 4
879 4051 899 4107 a
942 4075 959 4124 ,
