2418 4718
264 289 332 388 „a
385 318 406 369 ,ε
434 286 694 364 amaranto
713 301 762 360 ax
782 287 1003 368 oomrortn
1087 306 1089 320 ¹

259 503 318 556 cae
333 482 468 568 linguae,
477 478 607 546 scientia
618 525 631 560 ‚
644 497 707 546 usu
716 480 852 548 collecta
866 475 1026 562 illa,'nnu
1037 485 1154 558 edredo·

261 619 335 670 nem
354 595 572 666 conformata:
597 594 722 660 valebat
739 594 861 680 ingenii
877 598 1042 668 velocitate
1054 617 1084 670 et
1097 623 1154 671 acu·

260 714 370 796 mine,
394 710 506 780 subitb
526 707 736 786 movebatur,
755 708 875 793 impetu
901 708 1073 800 ferebatur3
1087 737 1155 814 cun·

264 847 331 913 que
343 824 550 893 ltaincitatus
567 839 677 890 omnes
692 823 854 908 locos,de
869 826 988 908 quibus
1004 830 1155 915 dubitaret,

261 940 457 1012 emendando
464 939 651 1022 attingeret,
670 938 704 1004 in
721 938 904 1021 plerisquea
916 945 1157 1026 propositoabet.

262 1058 372 1137 tabat,
390 1055 473 1122 alios
489 1051 698 1138 probabiliter
713 1053 887 1135 tractabat,
903 1053 1159 1142 nonnullos'peni·

260 1186 315 1240 tua
339 1169 614 1253 complectebatur
634 1181 674 1232 etv
689 1165 867 1234 certissima
889 1170 1070 1242 restituebat
1099 1193 1161 1242 coo·

257 1285 381 1372 jeccrua
404 1299 484 1366 quae
504 1284 596 1365 plane
607 1280 764 1348 riviuitua
779 1281 885 1350 oblata
899 1283 1060 1354 videretur.

305 1399 395 1482 Ergo
427 1415 526 1479 quum
551 1397 705 1462 Matralia
730 1393 917 1464 Plutarchea
943 1400 1000 1480 sibi
1020 1403 1164 1470 tractanda

262 1513 459 1594 sumsisset,
480 1527 511 1578 et
535 1511 700 1596 ingenium
727 1524 888 1594 tamquam
916 1515 952 1582 in
977 1523 1104 1597 campum
1132 1529 1163 1580 et

263 1627 463 1698 venationem
493 1627 747 1692 emendationum
774 1625 983 1710 immisisset,
1013 1628 1092 1694 facile
1117 1643 1165 1694 est

267 1744 309 1812 ad
328 1741 570 1826 intelligendum
588 1742 712 1822 qualem
730 1755 949 1823 quantamque
965 1759 1113 1830 capturam
1127 1760 1167 1806 re·

264 1858 456 1944 portaverit.
510 1855 760 1922 Emendationes
786 1853 944 1938 plurimae
968 1875 1046 1926 suot
1068 1859 1164 1924 falsaea

262 1984 344 2040 sunt
360 1991 436 2040 vero
451 1974 543 2038 otiam
565 1972 766 2054 probandae,
790 1986 827 2038 ut
845 1973 879 2038 in
902 1991 1023 2058 magno
1038 1989 1165 2051 numero,

263 2087 507 2170 nand-paucae:
528 2101 603 2154 sunt
617 2086 755 2168 denique
768 2089 941 2154 nonnullae
955 2107 1088 2172 prorsus
1101 2103 1165 2172 egre·

261 2200 345 2288 giaet
387 2201 443 2268 'Et
465 2202 574 2282 plures
600 2199 747 2290 profecto
771 2202 952 2284 probandae
988 2221 1021 2272 et
1051 2200 1165 2288 egregiae

261 2311 427 2393 fuissent,
459 2311 488 2376 si
513 2315 588 2394 plus
614 2315 768 2398 temporis
796 2316 970 2384 Plutarcho
1000 2320 1164 2394 tribuisset,

264 2445 340 2496 cunr
357 2427 494 2511 ejusque
511 2427 633 2494 ratione
648 2443 680 2494 et
694 2431 837 2500 oratione
852 2432 1095 2502 familiaritatem
1112 2449 1168 2498 coo·

263 2542 429 2612 unisset.
475 2539 538 2606 Sed
557 2541 692 2610 habebat
718 2547 779 2612 hoc
796 2565 956 2616 aurant
968 2569 1048 2617 use
1072 2550 1100 2616 in
1116 2545 1172 2614 nul·

267 2658 303 2726 lo
330 2657 474 2722 Auctore
493 2654 678 2740 habitabat3
703 2659 879 2746 vagabatur
902 2681 956 2746 per
986 2682 1109 2732 omoct:
1128 2673 1172 2724 net

267 2773 356 2858 apud
382 2787 575 2854 quemquam
594 2774 715 2839 tamdiu
745 2775 943 2862 divertebat,
977 2792 1017 2844 ut
1046 2780 1076 2846 in
1094 2771 1173 2858 paulo

270 2887 454 2956 interiorem
477 2888 545 2974 ejus
570 2890 833 2958 consuetudinem
862 2911 897 2960 se
919 2892 1108 2960 insinuaret:
1127 2885 1173 2952 ita·

271 3021 337 3088 que
353 3022 411 3088 per
426 3001 662 3070 festinationem
682 3005 788 3072 omnia
803 3005 999 3100 arripiebat3
1016 3025 1105 3085 sana,
1121 3020 1174 3069 cor·

270 3136 390 3205 rupta,
412 3119 570 3199 obscura,
584 3118 726 3186 difficilia
736 3163 754 3200 ‚,
764 3120 922 3204 corrigere
940 3119 1103 3200 tentabat,
1121 3133 1173 3182 mu·

269 3235 384 3318 tabat,
405 3233 656 3316 transponebat‚
679 3233 841 3316 demebat,
872 3235 1008 3302 addebat
1041 3237 1078 3300 de
1107 3245 1172 3308 suot

273 3347 351 3416 hacc
378 3347 412 3416 in
435 3345 542 3414 charta
568 3348 699 3414 notabat
716 3365 748 3414 et
767 3348 801 3416 in
827 3351 946 3434 vulgus
964 3349 1136 3436 prodebat:
1152 3359 1174 3410 et

272 3465 391 3546 plane,
407 3479 444 3530 ut
461 3463 539 3528 alter
554 3461 705 3531 Lucilius
729 3495 770 3518 -·
790 3467 827 3528 in
838 3465 920 3530 hora
937 3483 1033 3554 saepe
1051 3465 1175 3533 ducenas

276 3577 415 3653 faciebat
431 3577 647 3645 correctiones
658 3593 747 3645 stans
754 3579 837 3665 pede
851 3581 888 3644 in
899 3601 974 3648 uno.
1019 3579 1066 3646 Et
1079 3592 1176 3650 tamea,

275 3689 353 3760 &am
371 3691 492 3776 flueret
515 3691 714 3772 lutulentus,
746 3707 820 3759 erat
842 3695 930 3781 qaod
951 3695 1070 3761 tollere
1087 3669 1194 3763 vallasti

277 3823 345 3878 non
363 3803 418 3872 ille
434 3807 562 3891 quidem
575 3807 739 3896 garrulas
764 3809 820 3886 sed
837 3817 937 3898 piger
952 3810 1114 3876 scribendi
1123 3805 1179 3886 fer·

1150 3932 1194 3984 rr*
