2438 4718
149 287 209 370 DE
229 287 492 363 touuouutt
511 293 830 382 nuucnttotttt.
881 323 954 400 493

28 462 62 547 h
82 477 225 546 minores
240 477 380 562 divisio,
394 495 463 544 non
480 478 514 546 in
520 487 727 566 argumentis
743 506 867 579 nexus,
889 515 959 568 uon

24 592 60 660 in
91 591 249 678 exemplis
276 606 349 676 apta
374 587 450 660 cum
483 579 678 680 argumentis
714 611 959 683 convenientiae

26 707 164 774 omnino
183 704 360 775 disserendi
378 709 507 776 ratioet
529 713 624 796 copia
644 715 833 788 Plutarchea
850 729 949 796 nulla
960 797 964 806 ,

25 821 189 910 Epilogus
228 819 356 903 brevis,
394 822 541 908 idemque
577 834 653 896 cuni
685 832 891 916 professione
919 861 958 910 ae

23 935 246 1020 praedictione
263 937 479 1020 coniunctus,
501 943 597 1023 plane
611 945 763 1014 abhorret
779 969 800 1018 a
817 971 958 1026 cousue-

23 1049 144 1115 tudine
166 1049 349 1117 Plutarchi:
372 1053 514 1136 quinon
540 1058 673 1141 subito,
696 1065 752 1130 sed
770 1067 913 1151 sensim,
935 1089 955 1138 a

19 1165 219 1232 tractatione
239 1167 278 1231 ad
301 1167 547 1238 conclusionem
569 1175 719 1259 progredi
742 1179 835 1250 solet·

66 1280 111 1346 li.
143 1279 362 1349 Educationis
387 1295 494 1364 partes
519 1267 598 1354 fecii
622 1303 782 1375 quatuor,
813 1299 953 1386 pipam,

22 1399 162 1482 τροφὴν,
190 1400 360 1478 ιιίγιιγὺι,Ι
377 1403 530 1472 sudriae.
578 1399 680 1470 Recte
708 1407 847 1490 quidem.
891 1417 957 1486 Sed

25 1511 58 1580 in
79 1515 122 1580 iis
141 1499 342 1596 explicandis
359 1515 526 1594 quomodo
543 1519 710 1585 versatur?
747 1520 955 1611 singularum

26 1629 92 1696 vim
114 1641 147 1694 et
164 1643 308 1694 naturam
328 1645 390 1694 nec
408 1627 589 1697 deliniendo
606 1634 733 1718 aperit,
756 1657 815 1707 nec
835 1643 957 1712 descri-

25 1727 137 1814 bendo
175 1741 352 1824 significate
391 1744 569 1810 earumdem
604 1762 712 1830 partes
742 1769 800 1820 aut
829 1760 959 1845 nullas,

24 1873 88 1925 aut
113 1856 349 1941 paucissimas,
381 1871 490 1928 notate
522 1859 593 1943 ipsa
621 1865 770 1932 tractatio
797 1887 903 1940 orrum
926 1891 960 1946 et

25 1957 204 2057 explicatio
240 1955 343 2041 ieviot
368 1992 465 2057 quarn
493 1992 552 2057 pro
581 1973 723 2058 ipsarum
752 1987 893 2065 pondere
917 2011 955 2062 ao

27 2106 220 2174 nomento,
237 2107 270 2158 et
285 2109 347 2175 pto
365 2071 539 2158 doctrina
526 2109 590 2177 Jatu
611 2092 651 2158 ab
670 2096 813 2180 antiquis
831 2109 961 2187 eaposi

31 2217 85 2288 ιι,
112 2217 212 2288 quarn
236 2203 298 2272 iste
318 2223 386 2272 nou
408 2205 606 2306 cognovisse
623 2206 762 2279 videtur
807 2214 897 2304 Quid
914 2222 961 2292 ait

29 2321 170 2402 apori,
192 2333 224 2385 et
250 2319 374 2402 qualem
401 2317 537 2407 intelligi
562 2322 702 2405 velit,
693 2345 764 2409 tpse
782 2329 957 2415 ignorarit,

29 2432 150 2515 Porro,
174 2431 256 2500 fines
275 2433 420 2504 materiae
437 2435 568 2504 minione
591 2437 699 2522 cepit,
723 2441 779 2524 qui
801 2449 867 2533 8⁸0²
885 2453 961 2524 „t-

30 2551 82 2620 ino
101 2553 236 2631 ripam
260 2544 451 2633 professus,
479 2549 592 2618 deinde
618 2551 702 2636 Cap.
728 2553 802 2627 XV.
831 2563 882 2631 ις)
902 2569 961 2644 τι,

30 2679 87 2740 rur
99 2671 265 2756 μιιιιιιιιιιι
277 2673 406 2778 ἧλιιιιιιι·
413 2683 564 2740 trauseat
606 2673 774 2762 Amphora
790 2682 892 2768 coepit
903 2685 960 2748 ιιι-

31 2789 147 2868 ιιίιιιι·,·
169 2799 322 2852 currente
335 2801 412 2852 rota
427 2807 490 2854 our
506 2808 623 2857 urceus
642 2793 740 2860 exit?
783 2793 846 2861 Sed
861 2775 960 2868 senet
1074 2781 1075 2784 Ἴ

34 2901 74 2963 ad
97 2911 228 2964 aetatem
247 2901 485 2968 adolescentum
507 2917 749 2990 transgressus,
775 2927 872 2991 quate
892 2931 960 2982 non
1051 2963 1058 2974 .

32 3032 72 3080 eo
95 3010 169 3080 ioco
193 3015 231 3080 de
253 3016 484 3102 philosophiae
506 3017 713 3090 institutione
740 3024 830 3108 egit?
862 3045 960 3109 quare

31 3124 116 3196 hano
141 3147 254 3197 contra
280 3151 404 3200 ornnem
429 3121 646 3218 Antiquitatis
673 3157 793 3208 rnorem
812 3145 961 3212 attribuit

32 3245 168 3332 pueris?
212 3237 278 3326 aar·
292 3249 354 3317 noc
375 3231 524 3334 profecto
542 3251 660 3338 ιιιιιιι
677 3256 824 3342 emera.
856 3259 960 3332 artae

32 3378 79 3426 est
94 3357 128 3428 in
150 3363 214 3430 hoe
231 3383 344 3450 genere
360 3386 427 3434 non
451 3367 559 3436 minus
577 3387 832 3454 praeposterum.
871 3373 961 3466 Qut·

34 3491 109 3544 tuor
127 3473 203 3545 iliae
218 3494 324 3564 partes
343 3497 454 3551 natura
474 3503 533 3551 sua
550 3485 613 3553 hoc
632 3487 745 3554 ordine
762 3493 959 3584 procedunt,

33 3609 68 3662 ut
86 3596 189 3680 prima
213 3598 259 3665 sit
284 3605 427 3686 plorare,
456 3605 597 3672 secunde
623 3611 745 3696 ιιιΦῖι,
767 3610 860 3678 tertia
877 3617 962 3697 dyo

35 3715 96 3793 ιι,
119 3720 386 3796 quartanarius.
419 3717 601 3802 Mitrojarn
621 3718 654 3785 iu
675 3739 863 3806 unaquaque
879 3743 973 3810 quot

24 3841 239 3927 'quantosque
264 3833 356 3902 iocos
381 3833 559 3902 omiserit.-
585 3831 634 3900 De
651 3835 762 3902 ordine
784 3839 963 3952 videamus.

907 3964 968 4034 ri·
