2388 4714
266 300 331 374 aas
386 339 407 398 .·
438 297 697 372 ιιιιιιιιιιο
722 325 771 376 ιι
800 301 1027 380 romnus

311 485 502 574 Wgesimus
531 501 562 554 et
588 489 752 560 secundus
779 491 832 560 bic
858 509 908 564 ert
930 516 1057 588 annua,
1087 523 1185 592 quum

264 599 352 666 odito
375 597 555 668 Plutarchi
575 600 615 666 dc
638 603 723 671 Sara
741 605 897 674 Numinis
916 613 1074 684 laudicia
1100 623 1188 692 libel.

265 715 302 784 lo
326 735 414 800 apem
432 715 591 799 iidemque
615 716 677 786 ieci
695 721 888 794 edendorum
905 727 1047 812 Operum
1067 737 1187 806 Plutar-

262 835 318 901 chi
342 837 498 907 omnium.
542 835 763 920 proponebam
779 841 929 910 editionis
952 848 1031 916 mihi
1052 853 1184 926 formam

174 1025 180 1036 ,
263 949 417 1020 omnibus
442 926 589 1018 numeris·
610 950 814 1020 absolutam:
845 974 948 1039 neque
974 962 1182 1053 dubitabam,

264 1074 345 1154 quin
376 1085 441 1133 eam
474 1069 524 1132 vel
553 1066 735 1135 subsecivis
757 1069 868 1153 horis,
895 1073 980 1160 intra
1002 1084 1183 1164 proximum

262 1181 450 1252 decennium
475 1181 515 1248 ad
539 1179 633 1248 linem
656 1183 873 1265 perducturus
899 1207 1014 1261 essem.
1059 1195 1160 1284 Qua
1151 1219 1184 1266 ιιι

261 1319 323 1386 spe
339 1318 431 1424 opus
441 1317 514 1366 cum
533 1311 676 1384 tempore
690 1319 757 1369 non
776 1319 860 1370 recte
876 1311 1110 1390 comparabam.
1133 1317 1187 1386 Ex

261 1371 499 1499 adolescentia,
523 1415 624 1482 veluti
647 1417 711 1484 alta
727 1420 881 1504 specula,
906 1420 941 1490 in
960 1423 1114 1507 reliquum
1136 1429 1188 1495 vi

261 1546 314 1601 tae
336 1533 498 1616 spatium,
522 1547 559 1599 ut
583 1532 742 1618 ingentem
768 1547 801 1600 et
819 1537 912 1604 nullo
928 1538 1072 1607 limite
1044 1561 1191 1612 crrcum·

261 1648 421 1732 scripturn
453 1667 601 1736 campum
636 1651 901 1748 prospiciebama
951 1655 1044 1742 Opus
1079 1681 1191 1738 meum

260 1764 367 1836 oculis
387 1765 468 1831 mihi
493 1765 621 1833 videbar
637 1768 809 1851 complecti
837 1785 874 1838 nt
898 1785 971 1838 ante
996 1793 1048 1841 me
1063 1791 1095 1844 et
1109 1799 1185 1862 pro·

259 1882 349 1950 xime
363 1881 529 1964 positum,
553 1881 678 1966 quippe
696 1885 785 1964 quod
804 1885 954 1953 metiebar
976 1891 1076 1957 modo
1094 1895 1185 1960 voln-

259 1998 358 2071 tninis
384 1995 564 2062 Plutarchei
598 1998 694 2084 cujus
730 2002 858 2083 pondus
892 2005 1043 2072 manibus
1076 2013 1191 2080 tollerew

262 2135 411 2204 possem.
455 2115 584 2180 Mutata
605 2133 654 2182 est
677 2119 759 2186 ratio
779 2141 953 2208 progressu
970 2132 1100 2200 aetatis.
1143 2135 1184 2201 Ut

262 2231 419 2315 temporis
439 2230 766 2317 appropinquabant,
794 2237 839 2303 ita
868 2240 973 2322 operis
998 2248 1182 2316 recedebant

202 2404 208 2421 .
259 2355 400 2426 termini.
450 2352 545 2423 Abiit
568 2357 777 2426 decennium:
809 2365 916 2445 operis
940 2369 1070 2437 termini
1095 2393 1182 2460 appa·

257 2471 370 2542 rebant
394 2472 491 2540 nulli.
535 2471 629 2542 Abiit
650 2488 683 2540 et
707 2475 986 2560 quinquenniumt
1019 2489 1102 2570 plus
1128 2507 1182 2557 etat

257 2587 418 2670 reliquum
438 2602 533 2668 quam
549 2583 736 2654 conlectum
757 2592 880 2676 operis.
917 2589 1023 2684 Coepi
1041 2621 1094 2670 nte
1112 2619 1182 2674 tunc

257 2722 296 2772 cx
325 2702 380 2770 illa
406 2703 593 2787 propositae
618 2703 741 2774 formae
772 2713 991 2794 magnitudine
1019 2739 1184 2808 revocare,

256 2839 389 2905 umque
404 2820 596 2888 arctioribus
617 2820 738 2894 finibus
755 2826 1042 2919 circumscribere,
1059 2840 1101 2906 de
1117 2845 1184 2926 qui·

256 2938 321 3004 bus
346 2937 447 3004 dixi'
438 2958 473 3005 ιιι
494 2935 715 3010 Bibliothecae
737 2943 899 3028 Criticae,
930 2949 1105 3024 Volumine
1129 2977 1187 3028 ter·

255 3053 325 3135 tio,
344 3053 436 3121 Parte
451 3054 564 3142 prima.
608 3057 760 3142 Cumque
775 3080 842 3130 non
861 3063 906 3131 ita
923 3071 1027 3136 multo
1044 3090 1191 3159 postea,

252 3188 494 3272 obuncans
542 3191 906 3248 runconarnrnc
955 3203 1183 3258 oxou1nu·

256 3307 348 3370 ιιι,
372 3287 442 3354 Viri
460 3286 631 3370 illustres,
655 3309 722 3357 eam
741 3310 863 3376 partem
883 3299 992 3380 operis
1020 3305 1105 3387 mei,
1126 3327 1183 3392 qua

257 3403 410 3470 Moralia
435 3403 614 3472 Plutarchi
627 3407 854 3496 continentur,
875 3418 1096 3489 excudendam
1117 3425 1181 3492 vul·

256 3517 456 3600 gandamque
485 3519 704 3606 recepissent3
747 3543 814 3594 non
850 3531 1095 3620 subsecivum,
1134 3541 1181 3608 sed

210 3632 486 3717 praecipuum,
497 3635 605 3703 immo
622 3657 738 3722 omne,
761 3645 850 3724 quod
864 3648 993 3728 quidem
1010 3670 1028 3714 ι
1045 3655 1182 3722 muneris

257 3750 472 3830 occupatione
500 3770 649 3840 vacaret,
679 3771 712 3824 et
744 3757 895 3850 diurnum
921 3780 953 3831 et
985 3784 1181 3842 noctumun

257 3875 386 3948 tempus
409 3865 444 3934 in
467 3887 562 3954 opere
584 3871 739 3943 instituto
764 3877 936 3951 collocavi.
981 3885 1080 3974 Jam,
1114 3894 1183 3958 lieu

1143 4021 1183 4076 me
