2418 4718
106 309 108 317 “
137 319 410 398 toutonem
431 315 701 438 noeentum.
724 319 801 393 vo.
818 322 847 392 1.
893 279 956 409 asi.

36 539 91 587 etse
111 530 173 584 aut
190 515 286 599 salsa
314 507 452 578 actaea
476 507 620 589 dietum,
642 507 696 577 ml
717 529 758 576 er
780 509 947 600 Epistola,

33 660 122 728 quam
135 637 330 702 Demetrius
346 637 404 698 iste
414 633 604 720 praeposuit
620 631 702 696 libra
719 633 825 715 calita,
843 635 951 720 a'epre·

31 754 135 820 lensii.
183 747 249 816 Est
266 753 345 813 enim
364 747 425 813 illa
449 745 592 812 mendose
609 763 761 834 expressa
778 780 832 813 -.
857 747 952 815 Men·

31 865 67 930 da
85 861 325 949 typographica
344 859 439 944 hujus
467 859 617 926 editionis
637 875 744 935 utrum
765 865 953 948 typothetae

26 993 62 1048 tn
91 977 268 1048 correctori
300 994 539 1043 nutsetuto
574 975 738 1043 tribuenda
763 979 852 1062 sint,
883 999 950 1050 non

25 1111 160 1163 statuo:
191 1091 328 1158 admissa
355 1107 440 1157 ceste
463 1107 541 1156 sunt
567 1093 722 1175 plutima,
752 1098 949 1178 usqueadeo

22 1211 149 1293 inipso
178 1193 416 1275 Demersit
445 1205 654 1291 praestitionis
672 1225 703 1275 et
723 1209 841 1280 Iudicis
860 1231 949 1297 parte

23 1324 158 1392 anobis
184 1323 347 1391 exhibitas
375 1340 456 1404 quae
472 1341 534 1388 nos
558 1323 670 1388 menda
698 1323 789 1390 taciti
810 1329 946 1393 correxi·

25 1459 91 1508 mue
116 1458 176 1506 nec
196 1439 408 1505 describendo
427 1457 602 1524 propagate
626 1440 803 1506 voluimus.
848 1439 946 1508 Levi·

1 1591 2 1594 =
25 1555 91 1620 tuis
112 1571 151 1620 ac
171 1553 386 1636 negligentiae
416 1569 699 1621 numentum
722 1573 872 1624 accusate
889 1577 949 1639 po·

25 1671 115 1739 tuerit
139 1689 230 1742 etto
247 1687 356 1751 cus,
378 1668 437 1752 qui
463 1668 553 1735 illuns
574 1669 714 1752 aequalis
738 1671 874 1754 propius
892 1693 947 1739 co·

29 1787 176 1869 movisse
201 1786 354 1852 videtur:
385 1797 446 1868 ego
473 1803 539 1852 non
563 1803 717 1868 possum,
748 1785 855 1868 quoad
872 1787 945 1869 qui-

25 1903 82 1969 dtus
105 1905 180 1989 ejus
209 1901 340 1968 aliunde
368 1900 448 1967 mihi
478 1889 593 1966 notitia
619 1901 749 1984 obtigit.
800 1897 969 1987 Praefuitf'

26 2014 96 2084 idem
124 2005 261 2084 editioni
292 2015 472 2082 Rhetorum
503 2013 700 2081 Graecorum
728 2013 831 2082 factae
859 1990 951 2112 apud*

26 2153 174 2202 nussum
203 2152 289 2200 anno
315 2133 422 2216 1508,
444 2131 497 2198 cui
521 2133 655 2202 editioni
672 2134 777 2199 addita
792 2148 842 2201 est
859 2135 945 2220 ejus.

26 2251 91 2314 dem
121 2267 363 2320 venturust
400 2250 536 2333 epistola
569 2252 609 2317 ud
643 2245 832 2318 unucu'm
865 2272 944 2318 stu·

24 2384 184 2434 sunum.
250 2365 368 2449 Neque
397 2385 468 2433 eum
504 2367 663 2450 praeteriit
699 2387 942 2438 mutatum·

24 2501 103 2552 nus
136 2501 311 2554 stomun
347 2483 381 2550 in
409 2482 493 2550 libro
519 2483 571 2549 De
598 2485 734 2554 Graecis
755 2487 939 2556 illustribus

24 2602 165 2692 Linguae
184 2603 335 2671 Graecae
359 2600 615 2689 Literarumque
634 2603 862 2669 humaniorum
884 2607 937 2680 in·

25 2717 280 2799 narratoribus,
310 2717 396 2786 edito
429 2715 572 2784 Londini
605 2736 689 2784 anno
722 2739 801 2800 1742
834 2718 938 2784 forma

28 2853 149 2921 oetam
174 2837 271 2921 cujus
291 2835 384 2902 locus
409 2835 470 2902 hec
491 2836 606 2902 notitia
630 2836 839 2919 praefationis
864 2839 939 2902 Ma·
977 2921 979 2928 y

28 2953 148 3022 ralilus
166 2951 366 3021 Plutarcheis
386 2951 579 3039 praemissae
595 2953 760 3042 augendus
779 2953 849 3024 erit.
879 2955 941 3024 Sed

25 3069 86 3152 ipse
108 3087 249 3139 noun
282 3069 379 3135 verba
404 3055 619 3152 apponamus.
664 3067 853 3137 Demetrias
870 3071 942 3136 Du·

21 3205 75 3250 cas
92 3186 246 3255 Cretensis
263 3190 300 3254 in
317 3185 424 3252 Italia
440 3191 506 3272 egit
522 3184 570 3252 ad
580 3207 701 3254 annum
719 3203 862 3269 ttuvtu,
879 3209 940 3280 quo

21 3311 158 3386 tempore
177 3302 327 3392 Epistola
356 3303 424 3383 ejus
449 3301 580 3369 Graeca
600 3301 753 3395 praafiaa
780 3319 829 3372 est
850 3305 941 3373 salu.

22 3420 102 3481 mitti
122 3423 221 3506 primo
246 3403 451 3488 Gratiarum
469 3417 649 3488 uterorum
672 3421 712 3486 ab
732 3419 816 3486 Allo
839 3421 939 3489 Vent-

23 3534 75 3598 llis
99 3533 267 3607 editarum.
313 3537 353 3602 Im
384 3537 578 3624 Hispaniam
594 3551 708 3626 pastea
732 3524 862 3606 naa'atus
889 3553 936 3607 est

24 3651 58 3712 al
73 3652 264 3739 amplissimo
283 3652 460 3720 Cartiman·
475 3653 646 3736 Ximent‘a‚
668 3666 705 3719 ut
718 3651 939 3737 Billttsssom·

18 3761 226 3849 plateensibus,
249 3767 360 3856 quoad
386 3767 540 3849 Graeca,
564 3768 691 3836 edendis
714 3788 841 3859 operam
872 3796 934 3841 na·

19 3891 114 3952 taret.
160 3883 201 3954 lu
216 3881 287 3970 fine
304 3883 498 3953 Testamenti
517 3883 604 3958 Noti
628 3883 723 3954 isthic
749 3891 827 3958 editi
853 3911 938 3957 anna

486 4003 515 4074 Ζ
538 4021 576 4121 s·
796 4025 937 4089 uuxtv,
