2438 4718
163 379 435 457 PLUTARCHI
454 371 722 454 MORALIUM.
741 381 822 454 Vol.
836 387 865 460 1.
918 393 993 478 4¹1³

26 569 191 652 effudit,
216 569 438 656 coniecturis,
463 568 493 637 si
509 571 665 636 delectum
689 569 822 639 fecisset
842 575 980 658 optima·

32 703 124 752 rum
149 701 275 766 easque
295 701 371 750 cum
392 684 513 750 ratione
531 697 562 750 et
576 685 731 770 elegantia
747 685 978 771 explicuisset,

39 799 219 885 egregium
238 813 362 882 poterat
380 799 505 881 expiere
520 801 696 883 volumen,
719 819 806 886 opus
823 799 892 870 fere
910 805 979 887 pai·
1039 860 1042 870 .

42 916 215 993 marium,
241 913 329 996 quod
350 911 426 996 plus
442 912 483 978 ad
497 911 598 981 frmae
610 915 840 1000 perennitatem
860 918 985 986 vriulc-

50 1045 105 1099 set
132 1045 231 1112 quem
255 1027 327 1094 illae
353 1028 578 1124 deproperatae
605 1030 763 1099 editiones
785 1046 818 1105 et
844 1049 988 1102 caeterae

50 1141 266 1228 scriptiones.
311 1139 498 1226 Numquam
519 1161 590 1210 eum
615 1141 695 1220 vidi.
740 1146 803 1213 Sed
828 1147 985 1216 concilia·

49 1259 106 1326 vit
134 1275 305 1326 commune
319 1257 499 1324 Liternum
526 1257 696 1344 studium,
719 1261 892 1344 postremis
910 1262 983 1348 elus

49 1374 172 1454 subis.
195 1373 368 1456 quamdam
395 1375 564 1440 internos
590 1391 647 1458 per
661 1363 815 1460 epistolas
835 1377 985 1446 notitiam

45 1506 80 1556 ct
103 1489 390 1556 consuetudinem.
445 1487 584 1554 Favebat
602 1487 748 1557 nascenti
773 1506 860 1556 mere
879 1489 980 1561 laudi.

47 1605 263 1671 Accedebant
279 1602 376 1670 animi
398 1601 559 1685 virtutes,
582 1619 755 1686 quaecum
780 1605 986 1673 commende.

46 1733 144 1786 rent:
157 1720 193 1786 in
211 1717 334 1802 quibus
354 1715 527 1786 excellebat
541 1717 663 1788 candor
677 1731 708 1784 et
720 1719 864 1788 veritatis
880 1739 983 1790 amor.

44 1833 144 1919 Ergo
166 1847 198 1900 et
218 1834 331 1900 rivum
356 1831 477 1912 dilexi,
503 1846 534 1896 et
559 1831 680 1898 mortui
702 1833 885 1901 memoriam
907 1851 983 1902 cum

47 1947 276 2023 benivolentia
300 1947 402 2018 colui.
448 1949 494 2015 Et
511 1947 640 2030 quando
659 1965 746 2014 nunc
764 1949 803 2016 de
818 1967 857 2018 eo
875 1951 984 2018 dicen·

41 2067 131 2134 dum
149 2062 236 2145 fult,
260 2063 303 2128 ita
329 2079 380 2127 me
403 2061 473 2148 ejus
498 2059 666 2128 memoriae
681 2063 911 2138 consulturum
929 2083 983 2136 ex·

40 2180 218 2261 istimavi‚
249 2179 280 2244 si
304 2195 365 2244 nec
391 2175 525 2242 dicerem
555 2193 614 2243 nec
641 2190 775 2243 tacerem
797 2179 978 2263 quidquam

39 2307 172 2364 contra
194 2291 289 2387 animi
312 2289 388 2376 ipse'
405 2289 468 2358 mei
488 2291 698 2372 seutentiam,
719 2309 779 2359 uec
799 2294 851 2360 vel
869 2311 976 2370 veram

42 2407 251 2488 detmhtrcm
267 2407 344 2484 ,viro
367 2406 491 2475 laudem
512 2407 564 2478 vel
583 2403 697 2478 falsam
719 2405 905 2492 tribuerem,

464 2651 498 2735 l·
545 2671 596 2721 12·
678 2653 684 2668 '

199 2884 246 2953 De
262 2885 412 2954 nmirsima
430 2880 563 2940 Verrione
582 2881 697 2940 Galllta
715 2877 848 2950 Ricardl.

101 3099 258 3170 Metalla
292 3097 421 3166 Grllioe
450 3097 556 3168 denuo
588 3094 702 3164 vortit·
719 3111 990 3180 serotenus,¹

56 3235 161 3300 teque
191 3215 266 3283 inde
290 3215 330 3282 ab
354 3231 440 3286 suno
467 3217 547 3297 178³
580 3209 715 3290 Parisiis
749 3208 848 3276 edidit
877 3208 983 3288 forma

61 3347 201 3414 oetam,
221 3346 255 3398 ct
284 3327 469 3412 quindecim
486 3327 629 3394 absolvit
651 3323 878 3396 boluminibus
901 3343 988 3396 auno

62 3467 164 3536 1792.
206 3449 291 3535 Ejus
311 3445 482 3514 Verslonls
507 3442 639 3510 titulum
663 3459 761 3524 supra
785 3439 926 3526 apposui
946 3443 981 3524 S,

62 3583 107 3649 5,
129 3581 236 3647 utque
252 3563 321 3630 illle
343 3562 431 3641 dicta
446 3560 499 3630 hio
517 3558 627 3628 iterare
643 3559 776 3630 attinet:
798 3557 901 3639 ipsam
919 3578 987 3640 non

61 3677 239 3748 memoravi
269 3679 303 3761 5.
322 3695 384 3758 ro,
405 3675 440 3744 iu
455 3673 594 3741 Gallicis
619 3671 835 3740 Versionibua
850 3673 891 3740 iis
912 3677 986 3758 quis

61 3795 125 3862 bos
148 3791 280 3875 aliquid
305 3788 383 3855 boui
407 3789 526 3872 inesset
543 3790 584 3864 ad
600 3787 851 3868 emendationem
868 3785 988 3870 Graeci
1094 3825 1097 3830 ,

58 3921 250 3990 contextus.
297 3901 416 3989 Neque
439 3903 532 3981 etlam
556 3903 715 3988 ejusmodi
737 3899 987 3995 ultrogodam

526 4015 588 4098 ΙΝ
616 4035 636 4114 3
671 4033 680 4054 '
933 4031 996 4098 lile
