2438 4718
311 280 376 355 tta
414 265 668 346 PRAEFATIO
688 267 1104 346 ANMADVERSIOMM

311 473 463 539 munem,
485 457 771 542 planeperfectum
786 459 953 544 sapi-tem
980 461 1158 530 aditoieorun

311 591 470 642 normam.
514 574 568 640 nd
588 593 682 656 quam
702 575 802 658 legem
832 591 863 644 et
885 577 1078 645 conditionem
1098 577 1119 642 si
1133 577 1165 640 ln

311 703 466 774 terpretes
485 689 583 757 semel
608 691 815 775 redigantur,
839 695 912 778 quis
928 693 1038 762 taudem
1054 691 1167 768 nuntiis,

313 805 462 890 quamvis
484 804 603 871 doctus
620 820 651 871 et
671 805 883 890 ingeniosus,
905 806 1068 892 Interpretis
1083 802 1169 890 prouin-

312 920 394 991 citur
415 911 580 1003 suscipere
602 921 739 989 audenti
785 923 860 991 Hoc
887 925 965 993 iilud
989 936 1033 992 est
1049 922 1114 1005 quod
1130 925 1177 1012 na}

311 1055 412 1124 gnum
429 1037 708 1106 liematerlrusium
730 1039 770 1106 ab
796 1039 925 1108 edendis
949 1037 1071 1122 antiquis
1089 1017 1177 1160 Ατπτὼξ

310 1147 404 1222 ribus
428 1152 602 1221 deterruitt
626 1154 744 1238 quod,-
768 1168 805 1222 ut
831 1157 870 1222 de
893 1174 933 1223 eo
952 1153 1045 1240 prodit
1063 1145 1167 1216 Rulnit·

309 1269 458 1355 nius(*
467 1270 510 1355 )‚
541 1267 692 1352 ,Nilil,
715 1268 782 1337 nisi
807 1269 899 1352 qunti
928 1267 1053 1336 omnibns
1070 1211 1177 1354 nnuma}

312 1427 338 1470 „
359 1383 520 1468 expletum
544 1377 1177 1467 esset,aseenreve11etqund,ouau

313 1547 338 1588 ‚,
358 1516 497 1585 cumque
514 1517 578 1566 rem
596 1498 794 1566 tractandam
822 1497 1008 1577 sumsisset,
1024 1507 1070 1558 sau
1081 1485 1115 1550 ita
1127 1469 1177 1562 eni

313 1661 337 1702 „
359 1631 467 1684 cutere
496 1629 529 1682 et
559 1629 634 1681 cum
662 1613 851 1697 pulvisculo
886 1609 1037 1680 exhaurire
1056 1598 1172 1671 τττπτττττι

311 1779 336 1820 „
359 1747 418 1815 ut,
442 1733 499 1815 qui
519 1730 657 1814 posthac
676 1729 760 1798 idem
778 1748 871 1814 agene
888 1727 1070 1800 institueret,
1085 1725 1177 1794 nuncu

293 1895 339 1938 ,η
359 1849 425 1920 sibi
453 1846 615 1916 materiam
635 1862 832 1932 praereptam
851 1848 1010 1914 fateretur.
1046 1825 1170 1924 Quiiusie

312 2015 338 2056 „
357 1967 507 2049 caussis,
530 1965 696 2036 memoriae
720 1983 822 2048 suae,
853 1963 1010 2032 fidissimo
1025 1943 1177 2052 scamelli

311 2127 337 2170 ,‚
359 2083 530 2166 omnium,
559 2099 640 2164 quae
666 2081 767 2150 semel
788 2079 921 2164 legisset
948 2074 1114 2145 audissent,
1131 2071 1177 2122 Ψ

306 2243 337 2286 „
358 2199 480 2269 stodi
470 2199 565 2266 masei
581 2199 730 2282 solebat,
753 2199 782 2264 sl
799 2198 852 2265 vel
869 2199 940 2266 leue
957 2189 1132 2276 quidnam
1117 2165 1177 2258 ΨΨ

310 2355 336 2398 ,,
356 2313 465 2380 eodem
482 2310 681 2396 pertineret,
705 2309 768 2378 sibi
788 2323 865 2393 post
891 2309 1008 2378 editum
1023 2301 1114 2370 librun
1126 2279 1177 2380 τΨ

310 2475 336 2516 „
356 2425 554 2512 peutaretffl
597 2425 700 2510 Saepe
723 2425 819 2493 etiam
843 2425 1022 2504 accidebat,
1049 2424 1140 2487 utq
1095 2409 1140 2487 aliq
1141 2399 1177 2498 Ψξ

309 2529 472 2614 minorum
495 2541 637 2629 gentium
664 2539 834 2624 criticus,
856 2539 1043 2627 atqueadeo
1067 2513 1177 2596 temti

307 2660 429 2744 lius,
420 2675 537 2732 interea
560 2660 623 2726 tale
647 2658 725 2743 qnid
745 2657 1006 2730 animadverteret
1022 2662 1051 2720 et
1069 2637 1177 2712 tntilli]

308 2781 347 2849 in
363 2777 530 2865 publicum
546 2777 716 2862 proderet,
736 2777 789 2844 vel
804 2775 855 2842 uti
873 2767 1042 2860 graculus
1033 2783 1062 2832 au
1074 2747 1177 2874 prlQ

309 2898 356 2967 ita
379 2897 413 2964 in
440 2897 522 2962 banc
548 2893 716 2988 gloriolam
744 2891 928 2974 involaret,
948 2891 1037 2957 altum
1063 2859 1177 2962 quodi

309 3013 511 3104 raucumque
536 3019 705 3099 clamaret,
727 3033 764 3084 ae
780 3013 930 3082 nimirum
951 3011 985 3078 id
1006 2999 1106 3071 uidisse
1120 2975 1173 3070 ΨΨ

309 3155 436 3209 tantum
458 3135 561 3204 virum
579 3130 739 3199 latuisset.
785 3127 918 3217 Quibus
942 3115 1068 3212 graculis
1091 3119 1120 3172 ut
1137 3091 1177 3196 nuli

308 3267 503 3340 magnopere
524 3247 714 3314 mouebatur
740 3239 1026 3318 Hemsterhnsius‚
1043 3229 1084 3296 ita
1107 3209 1177 3300 τΨΨ

309 3370 407 3437 etiam
427 3367 468 3434 ad
486 3363 690 3431 scribendum
708 3358 920 3426 excitabatur.
962 3352 1116 3422 Enimvero
1131 3315 1177 3412 (ΙΨ

310 3501 466 3566 nmquam
486 3479 551 3548 fuit
566 3477 692 3559 editor,
716 3475 768 3542 cui
787 3493 855 3543 non
873 3489 953 3559 post
975 3470 1083 3538 editum
1101 3451 1177 3622 ΨΨΕΨξ

1131 3675 1177 3742 icet

311 3601 465 3710 quaedam
496 3599 531 3666 in
563 3607 697 3662 menum
723 3591 854 3662 veniunt
887 3563 1177 3676 praetermissa?t

348 3883 419 3968 (¹³)
438 3887 526 3965 Elog.
544 3885 612 3950 Tib.
632 3875 857 3959 Hemtterhuail,
874 3899 906 3962 p.
925 3883 974 3961 6'5.
