2508 4712
192 281 415 357 varan.
453 276 809 374 summantur.-
900 291 975 384 stt

43 469 85 548 in
104 468 297 542 Oratoribus
322 469 455 546 dubium
485 487 573 553 erat,
597 482 709 538 utrum
734 468 906 540 dicentium
923 491 970 544 uu

44 587 237 662 audientium
266 586 448 670 masadam
475 588 576 670 magis
600 587 774 654 mirareris.
825 587 964 658 Aecide-
1093 664 1095 668 ,

46 701 100 774 bat
121 702 203 768 iilud
225 699 435 770 Horatiauum
459 701 508 786 (6
511 703 583 786 5),

96 874 128 936 si
148 874 222 934 foret
240 875 268 933 in
288 875 383 944 tetris,
402 871 505 935 rideret
525 875 725 936 Democritus:
742 899 782 919 -·

94 983 232 1046 Dieeutas
253 995 344 1042 autem
364 997 468 1041 mamare
487 997 597 1057 putaret
615 984 702 1043 asello

95 1091 239 1152 Fabeiism
258 1091 362 1155 serdot
383 1107 444 1150 nam
464 1107 537 1166 quae
555 1095 720 1167 pmvineere
737 1109 828 1158 voces

98 1197 238 1258 Evaduere
257 1215 379 1269 sonum,
398 1201 522 1262 referunt
542 1217 625 1275 quern
645 1215 740 1261 nostra
757 1204 876 1268 theatra:

99 1308 259 1382 Garganum
276 1310 383 1382 mugire
398 1323 481 1386 putes
500 1322 595 1370 nemus
605 1351 615 1382 ,
626 1325 673 1368 aut
690 1325 764 1374 mate
778 1311 934 1380 Theseum.

82 1493 153 1586 Qui
175 1495 299 1579 primus
322 1495 357 1562 in
373 1515 560 1582 suggestum
585 1501 752 1570 mscendit
772 1500 966 1592 Profertur,

44 1627 102 1698 per
129 1622 195 1674 tres
226 1610 319 1678 horas
344 1609 448 1693 dixit,
479 1615 605 1682 nemine
628 1617 797 1684 audientes
830 1633 968 1704 etpost
1065 1679 1069 1686 .

43 1722 133 1792 hunc
151 1719 224 1788 item
242 1723 308 1790 alii.
353 1724 488 1794 insolita
514 1729 688 1802 multitudo
713 1748 917 1818 exterorum,
935 1752 968 1806 et

47 1833 216 1910 doctorum
245 1837 411 1910 hominum
434 1855 465 1910 et
487 1844 717 1928 indoctorum,
739 1847 912 1918 adduxerat
931 1871 970 1924 ex
1019 1933 1022 1938 ,

49 1962 118 2024 tora
141 1954 284 2036 undique
302 1969 384 2024 terra
402 1955 539 2046 Batava,
562 1959 647 2026 haud
662 1978 754 2029 secus
770 1939 867 2048 atque
882 1968 970 2048 apud

47 2066 192 2140 Graecos
224 2061 264 2138 'ad
296 2072 446 2170 ludorum
473 2071 718 2158 Olympieorum
744 2079 968 2154 celebritatem.

48 2182 231 2267 Hospitum
268 2185 354 2253 nulia
386 2185 560 2254 habebatur
579 2191 693 2260 ⁴ratio:
726 2192 969 2268 Profesanribus

45 2294 179 2368 aliarum
197 2298 441 2370 Academiarum
464 2303 556 2370 locus
578 2307 618 2372 ad
633 2307 803 2376 sedendum
820 2329 886 2378 non
902 2329 970 2382 erat

46 2409 165 2478 datus:
193 2409 222 2475 si
240 2412 366 2494 quidem
383 2415 491 2510 audire
506 2418 643 2504 veilent,
664 2423 819 2499 debebant
832 2447 867 2495 se
880 2445 969 2502 stau·

44 2530 69 2598 ti
96 2529 211 2600 turbae
237 2531 415 2604 immiscere
444 2551 477 2604 et
500 2537 628 2606 dubiam
663 2545 796 2626 experiri
829 2563 964 2620 sortem.

46 2639 119 2708 Hos
139 2644 290 2724 aliosque
311 2662 433 2712 errores
450 2667 556 2716 secum
577 2667 726 2734 reputans
742 2656 971 2733 Ruhnkenius.

50 2757 170 2844 „ista,
194 2757 318 2844 ajebat,
341 2775 381 2824 ne
398 2775 511 2825 rursus
523 2761 693 2857 accidant,
710 2772 882 2846 posteritas
901 2791 971 2838 mo·

51 2875 152 2951 nenda
173 2889 250 2966 est3
274 2873 478 2973 nequeenim
500 2894 559 2946 aua
581 2875 674 2950 festis
694 2878 807 2948 diebus
829 2883 974 2960 hilaritas

48 3002 195 3060 constare
214 3001 348 3076 potest,
369 2988 433 3056 nisi
456 2988 485 3056 si
509 2991 594 3062 adsit
613 2993 791 3077 modestia,¹
813 3015 972 3085 opportu·
1073 3003 1076 3010 '

48 3097 155 3194 uitas,
178 3101 342 3184 varietas,
364 3103 538 3193 elegantis,
562 3104 806 3192 hospitalitas?

88 3217 399 3286 Animadversioues
425 3237 503 3286 suas
519 3222 554 3288 in
570 3221 756 3308 Longinum
774 3229 899 3298 miserat
916 3231 974 3318 Jo.

52 3328 212 3426 Toupio‚
238 3329 414 3415 Britanno,
430 3354 546 3404 novam
563 3337 652 3406 iliius
668 3339 844 3429 scriptoris
859 3347 976 3418 editio·

50 3461 119 3520 nem
149 3449 313 3528 molienti.
367 3452 479 3520 Postea
497 3456 638 3528 subinde
668 3479 738 3527 eum
761 3460 838 3530 facti
863 3471 976 3552 poeni.

54 3564 128 3633 tuit.
173 3563 339 3656 Primum,
359 3567 618 3647 animadverterat
635 3575 727 3658 iilum
739 3580 886 3666 priorum
904 3586 977 3662 cri.

935 3707 983 3780 ti·

90 3848 189 3936 (63)
210 3857 271 3936 tu.
287 3859 338 3935 11,
359 3877 394 3938 t,
415 3875 479 3941 ¹9⁴-

528 3961 592 4037 Vr
618 3983 644 4064 3
