2572 4710
252 295 315 378 232
382 221 556 361 nuntio
577 279 641 352 DE
663 281 835 358 numos.
858 285 1067 360 tinnit.

249 467 379 552 tendet,
403 469 521 536 oculos
543 469 723 552 vultusque
745 470 897 542 incensos
923 472 1087 540 Miltiadis
1120 489 1188 557 pu-

251 582 401 670 gnantis,
424 598 456 648 et
484 580 700 665 Callimachi,
724 585 970 670 Cynegirique‚
993 605 1054 669 pro
1082 585 1188 669 petris

250 699 527 768 occumbentium.
574 699 674 766 Nulla
699 719 738 768 ex
764 703 916 769 omnibus
946 703 1043 771 rebus
1062 715 1188 770 tantm

252 818 349 884 habet
366 819 405 884 sd
426 817 568 884 inimum
594 817 685 899 vim,
708 835 860 902 quantuor
879 819 1005 886 Poisis.
1051 818 1106 884 Tu
1126 817 1192 903 igi-

253 947 329 1017 tur,
354 932 542 1016 quicunque
566 931 625 996 hac
656 946 720 1010 tem
745 933 870 1016 egregia
896 946 963 997 arte
987 933 1097 1013 vales,
1128 950 1186 1014 ea,

252 1069 395 1134 quaeso,
427 1063 515 1114 utere
537 1048 577 1113 sd
608 1047 738 1114 vinetis
768 1047 1065 1130 Philosophiaeque
1089 1047 1189 1114 ratio·

157 1225 160 1232 .
254 1184 340 1238 nem.
383 1163 550 1232 Nollem
568 1179 751 1244 expromere
771 1161 805 1227 in
824 1177 1014 1246 argumento
1029 1175 1085 1232 tut
1098 1161 1189 1242 levi,

160 1363 164 1374 Ι
256 1298 313 1350 rut
336 1285 449 1351 noxio.
482 1271 584 1346 ‘Noli
607 1279 795 1364 voluptates
820 1281 1049 1348 commendare.
1102 1279 1191 1346 Noli

253 1418 406 1468 exornare
432 1397 605 1474 libidines,
630 1413 712 1477 quae
733 1393 831 1461 enimi
851 1395 951 1463 robur
967 1392 1187 1476 liquefaciunt

250 1531 348 1598 utque
363 1525 525 1582 enervant.
570 1509 719 1576 Nimium
748 1510 868 1578 hebent
892 1526 950 1593 per
969 1528 1004 1576 se
1019 1509 1187 1582 illecebra.

217 1705 219 1712 y
252 1647 327 1696 rum
351 1629 548 1710 voluptates.
593 1623 743 1691 Nimium
761 1625 869 1698 edens
893 1641 953 1692 sus
978 1638 1091 1702 notura
1107 1642 1186 1706 pro·-

247 1741 352 1810 elivis
373 1755 423 1806 est
450 1739 618 1805 hominum
634 1737 777 1810 enimus.
819 1735 945 1820 Siquis
963 1740 1003 1809 ed
1017 1755 1188 1823 aegrotum

252 1859 407 1926 secedens
436 1856 568 1923 salivam
596 1853 624 1920 ei
649 1869 775 1922 moveat
805 1855 1092 1924 commemorandis
1115 1857 1187 1928 lau·

125 1997 129 2004 ’
252 1974 431 2054 dandisque
449 1971 533 2038 cibis
551 1971 615 2053 iis,
641 1989 779 2054 quorum
799 1990 894 2038 nsum
917 1973 946 2039 ei
966 1973 1112 2044 medicus
1135 1973 1190 2041 in·

253 2086 438 2167 terdixerir,
469 2105 578 2158 nonne
608 2101 645 2152 ut
678 2086 870 2154 homicidam
897 2101 1084 2171 pestemque
1112 2103 1187 2158 eum
1265 2135 1274 2146 .

254 2183 448 2286 abigimus?
500 2203 611 2282 Atque
639 2203 738 2285 haec,
763 2201 939 2288 profecto,
962 2221 1076 2272 caussa
1098 2200 1186 2284 fuit,

253 2333 314 2391 cur
338 2314 532 2400 Philosophi
559 2315 675 2382 Poetae
701 2335 720 2383 n
744 2317 825 2384 bene
850 2297 1029 2388 constitute
1055 2315 1189 2390 civitate

257 2433 471 2501 excluderent.
515 2430 623 2520 Quare
646 2448 706 2518 tn,
731 2433 761 2501 si
786 2434 918 2519 dignum
937 2433 1018 2516 quid
1044 2431 1094 2500 vis
1120 2431 1189 2502 effi·

254 2567 326 2617 ecre
347 2547 460 2617 Poene
476 2547 627 2632 nomine,
649 2551 788 2636 depinge
810 2548 888 2616 mihi
911 2547 1046 2618 uirtutis
1064 2549 1191 2632 pulcri.

242 2664 420 2746 tudinem,
456 2664 593 2748 vitiique
627 2667 882 2750 turpitudinemi
926 2665 1055 2748 applica
1088 2681 1121 2739 te
1144 2667 1189 2738 sd

228 2855 232 2874 Ι
255 2771 402 2856 meliores
424 2781 522 2848 animi
544 2800 671 2866 purnes,
703 2801 821 2866 easque
849 2785 897 2878 sle
919 2799 951 2849 et
978 2768 1082 2869 suge,
1106 2804 1187 2866 pru·

254 2895 414 2979 denum,
444 2899 704 2980 temperantiam,
730 2896 977 2984 fortitudinem,
1006 2901 1182 2985 justitiam.

252 3008 355 3087 Incite
392 2997 658 3094 unumquemque
679 3015 719 3078 ad
745 3031 863 3080 munus
897 3032 993 3080 suum
1018 2997 1185 3096 diligenter

253 3127 461 3210 obeundum,
491 3127 624 3210 patriam
647 3130 845 3212 iuvandum,
878 3143 910 3198 et
934 3129 1006 3199 aliis
1031 3129 1110 3194 bene
1134 3125 1184 3204 ia-

253 3241 422 3338 piundum..
453 3241 516 3310 Fac
533 3258 568 3310 ut
582 3243 699 3310 divites
719 3263 799 3326 opes
817 3263 894 3316 suos
913 3263 988 3312 cum
1006 3243 1078 3314 eliis
1093 3260 1185 3309 conr-

252 3357 434 3430 qrunicents
447 3371 482 3432 ut
497 3376 548 3436 eas
559 3373 690 3442 erogent
705 3361 738 3424 in
750 3355 1005 3440 usushominr'rm
1018 3375 1181 3440 ‚quorum

254 3470 369 3548 virtuti
386 3489 416 3546 et
438 3475 617 3546 industriae
641 3478 731 3544 nulls
758 3477 903 3545 subsidia
927 3478 1091 3546 concessit
1116 3477 1184 3546 ior·

253 3579 362 3662 lunai
378 3601 414 3659 ut
430 3590 564 3666 afflictos
587 3608 727 3660 recreent
741 3609 772 3658 et
789 3594 922 3678 erigant.
965 3593 1027 3661 Fac
1047 3610 1083 3660 nt
1101 3615 1181 3678 pan.

250 3717 398 3800 peteret
423 3705 603 3784 calamitosi
628 3707 786 3792 miseriem
812 3707 890 3787 forti
922 3711 1030 3792 spino
1053 3712 1181 3794 ierant,

1149 3845 1182 3908 Gi
