2616 4702
385 293 742 377 ·carrrcn.
955 257 1039 396 ‘9

100 487 340 576 degmaiaaimi
350 486 472 576 Heym'i
489 490 754 572 consuetudinem
773 491 936 574 pervenire
951 511 1032 560 con·

99 612 198 696 tigit,
224 609 287 692 qni
306 609 454 694 egregius
473 607 551 693 Vir,
574 623 643 676 turn
665 606 806 678 consilio
831 608 956 690 saepius
981 625 1033 674 me

101 728 252 814 adjuvit,
293 741 364 796 tum
395 726 618 795 adhortatione
643 725 837 794 Graecarum
871 724 1034 792 literarum

99 863 243 912 amorem
268 843 405 910 mirifice
429 841 541 926 auxit,
563 861 623 924 ac,
644 860 718 908 cnm
735 837 812 907 Tun
826 837 1029 904 celeberrimo

101 955 232 1024 nomini
258 957 343 1024 hanc
365 957 532 1040 epistolam
559 954 733 1023 inscribere
761 949 1031 1034 constituissem,

98 1089 130 1138 ct
148 1072 278 1155 pudore
293 1071 432 1139 honesto
449 1070 618 1154 suffusus,
641 1071 731 1156 quod
742 1069 851 1138 animo
866 1086 1028 1151 concepe-

98 1209 163 1258 ram
181 1190 303 1273 exequi
319 1205 506 1274 cunctarer,
530 1191 565 1259 in
582 1209 616 1258 se
636 1190 755 1274 receplt
772 1189 851 1258 Tibi
868 1189 1030 1273 probare,
1141 1229 1144 1238 ι

98 1323 130 1374 et
145 1305 376 1389 aumtinquaai
391 1324 583 1390 proxenetae
606 1307 745 1398 alicujus
767 1305 937 1392 pactibus,
959 1307 1026 1372 adi·

96 1433 168 1487 tuan
188 1421 271 1488 milri
280 1423 320 1488 ad
335 1420 386 1487 Te
401 1435 607 1506 praestruere.
651 1423 729 1512 Quo
746 1423 816 1490 Viri
833 1421 1030 1490 humanissi-

95 1539 141 1605 ini
163 1537 258 1604 dulei
280 1537 427 1620 elloquio
452 1537 686 1623 confirmatus,
709 1537 786 1608 haec
811 1538 891 1606 Tibi
914 1536 1028 1608 offerre

92 1655 128 1722 in
148 1655 293 1722 animum
313 1654 452 1737 indual,
475 1669 551 1723 utut
569 1657 680 1726 tenuia
696 1671 729 1724 et
746 1655 915 1744 juvenilia.
956 1652 1029 1720 Nec

92 1771 191 1838 nllua
228 1771 361 1853 dubito,
396 1773 478 1854 quin
512 1791 620 1838 serena
648 1772 757 1838 fronte
780 1772 838 1838 hae
863 1770 1029 1854 accipias,

92 1903 189 1954 meae
203 1883 237 1950 in
253 1883 301 1950 ltis
316 1885 417 1952 literis
437 1884 614 1950 collocatae
631 1901 747 1968 operae
767 1885 939 1968 primitiae.
978 1883 1029 1950 De

88 2007 241 2093 Juliano
259 2019 386 2088 autem,
398 2005 475 2072 licet
492 2023 560 2073 non
577 2003 621 2072 sit
635 2007 726 2088 qnod
742 2006 782 2071 ad
797 2003 847 2072 Te
861 2003 1027 2085 scribam,

90 2121 175 2206 qni,
200 2135 242 2186 nt
258 2120 404 2189 omnium
423 2119 641 2203 scriptorum,
664 2119 712 2186 ait
730 2121 799 2206 ejus
821 2137 952 2203 quoqne
974 2117 1029 2186 in·

87 2240 221 2324 genium
241 2237 364 2320 optime
381 2235 501 2320 etipse
526 2236 640 2326 nosti,
662 2236 775 2318 paucis
794 2251 899 2302 tamen
919 2253 1021 2332 expo·

88 2353 236 2420 nendum
255 2367 304 2418 est
319 2368 338 2417 a
355 2369 535 2433 me,quare
552 2350 586 2420 in
601 2370 674 2418 enm
691 2351 898 2435 potissimum
917 2371 1019 2450 meana

89 2487 227 2555 operam
253 2466 492 2536 collocaverim.
537 2465 620 2553 Ejua
638 2467 761 2551 qnippe
778 2467 920 2552 scripta,
941 2487 1016 2535 cum

84 2587 129 2654 ob
146 2583 335 2652 varietatem
352 2584 533 2667 doctrinae,
557 2597 625 2652 tum
652 2584 772 2670 ingenii
796 2587 883 2668 vim,
906 2605 942 2654 ac
969 2587 1020 2653 di·-

81 2701 211 2770 ccionia
238 2697 443 2786 elegantiam,
473 2701 560 2768 lectu
589 2701 780 2771 videbantur
815 2703 1017 2787 dignissima.

82 2818 164 2886 Sive
183 2816 270 2883 enim
294 2829 477 2901 temporum
497 2827 579 2900 qnae
604 2820 755 2902 vivebat,
778 2819 849 2888 aive
865 2821 1016 2904 philoso-

82 2933 186 3016 phiae
202 2946 330 3016 spectes
355 2929 546 3014 hieroclem,
580 2934 721 3002 incertus
748 2936 794 3002 cia
812 2911 919 3004 utrina
936 2956 1018 3023 cog·
1126 3021 1127 3024 Ἴ

81 3053 170 3122 nitio
195 3067 237 3117 ex
260 3050 301 3118 iia
330 3047 432 3136 magio
458 3053 614 3120 illnatmri
642 3051 763 3135 poesie.
810 3051 895 3118 Nam
921 3067 953 3118 et
975 3052 1016 3118 de

81 3164 200 3234 rnnltis
220 3165 437 3252 ejtreipsiue,
459 3181 491 3234 et
516 3167 700 3236 Constantii
720 3167 838 3259 lactis,
860 3181 891 3234 et
909 3167 1015 3252 ipsius

81 3281 222 3350 omnino
233 3282 353 3348 aetatis
382 3281 499 3367 rebus,
526 3285 578 3350 vel
602 3286 676 3354 eolo
704 3285 778 3370 ejua
796 3299 926 3353 constat
951 3301 1016 3356 tes·

80 3398 246 3480 timonio,
267 3399 320 3466 vel
343 3397 475 3467 uberim
500 3399 572 3485 ipae
599 3419 694 3484 quarn
714 3399 811 3466 ceteri
835 3403 1012 3486 scriptorea

77 3516 249 3602 prodidit,
273 3529 305 3582 et
330 3517 372 3583 ad
396 3515 578 3584 Eclecticae
598 3537 636 3586 ac
662 3517 806 3602 Cynicae
830 3532 935 3586 tectae
956 3537 996 3596 aa

81 3638 206 3704 tionem
227 3633 444 3714 noscendam,
467 3633 642 3717 plurimum
669 3636 738 3720 ejua
757 3634 877 3720 scripta
898 3633 1011 3702 confe-

77 3765 179 3836 rnnt3
206 3747 322 3836 ubique
342 3749 471 3818 tandem
494 3729 633 3834 insignia
654 3755 758 3822 elucet
781 3747 1009 3836 antiquitatis,

550 3865 579 3933 ll
604 3881 623 3948 3
945 3862 1008 3934 ele-
