2470 4724
240 341 250 364 ·
290 333 361 422 sit
460 307 598 386 vrrs
633 311 680 384 n.
717 287 1038 386 unumunurn

299 511 378 596 plus
397 515 543 591 saperent
564 515 596 568 et
618 500 681 586 jem
702 499 764 566 sub
790 499 855 567 alio
879 500 1045 585 imperatore
1054 493 1156 571 until·

302 636 396 703 sent,
425 634 463 687 ut
490 614 686 704 ignorantioe
709 614 927 698 suspicionem
952 619 1028 700 apud
1041 619 1157 686 emdbcio

300 741 400 825 pulos
417 755 522 806 noros
540 737 560 802 i
583 753 619 802 se
634 736 862 822 molirentur,
886 740 1053 808 dictitabant
1071 743 1156 807 setali-

300 854 365 922 bus
390 852 513 920 scholis
536 867 604 916 non
629 869 701 916 esse
726 852 899 936 rdruetos,
931 855 1089 922 melioribus
1108 875 1157 922 uer

302 968 390 1053 apud
410 965 545 1048 priorem
564 960 792 1034 Professorem.
838 968 915 1036 Erat
931 971 949 1038 d
965 971 1077 1054 reliquis
1093 970 1155 1036 disci·

300 1083 390 1167 pulis
415 1079 473 1162 qui
494 1079 559 1146 illis
584 1095 771 1164 reponeret,
793 1083 898 1172 Atqui
922 1099 1020 1152 nester
1041 1085 1157 1168 Professor

301 1219 354 1272 oos
371 1198 608 1286 Xenophontem
624 1199 808 1287 intelligere
835 1203 942 1288 doceo,
960 1208 1047 1292 prior
1066 1201 1108 1268 iile
1124 1221 1157 1272 oe·

299 1327 370 1382 sier
391 1334 453 1380 noro
471 1311 591 1382 decoro.
636 1313 724 1381 Tum
750 1315 818 1398 illi,
842 1317 911 1384 Hoc
934 1319 1047 1407 quiden
1062 1339 1108 1383 ooo
1123 1336 1157 1380 oo

296 1451 440 1518 gamus,
468 1427 525 1496 sed
535 1431 635 1517 prior
658 1427 781 1498 dontius
806 1431 964 1500 dictabat.
1006 1433 1068 1522 Quid
1086 1430 1156 1495 lorias

300 1548 486 1618 istiusmodi
511 1545 720 1630 hominibus,
753 1547 810 1630 qul
834 1567 995 1618 auctorem
1025 1548 1155 1632 negligmt,

302 1663 434 1732 dictetis
448 1663 696 1760 adhaerescunt,
718 1661 822 1746 iisque
840 1677 955 1731 temere
971 1661 1124 1747 completo,
1134 1669 1157 1718 tt

298 1779 338 1850 id
354 1780 445 1864 quod
459 1778 494 1846 in
509 1778 586 1846 editi
596 1779 736 1864 exempli
752 1781 839 1847 notis
855 1781 937 1849 bene
951 1781 1054 1848 dictum
1063 1777 1109 1862 jam
1122 1791 1155 1837 er·

301 1917 390 1984 stat,
413 1901 494 1968 idem
511 1899 650 1966 deterius
664 1901 687 1966 'b
702 1900 855 1984 magistro
871 1901 1021 1969 redditum
1037 1893 1116 1964 dictari
1128 1890 1157 1954 si·

305 2017 341 2084 bi
358 2017 503 2087 voluntl
545 2015 699 2096 Scilicet,
722 2030 815 2083 tuum
839 2015 910 2100 ipse
932 2013 1066 2102 judicium
1080 2021 1158 2086 mque·

305 2133 375 2217 ris,
398 2146 431 2199 et
447 2149 574 2201 omnem
591 2130 809 2198 institutionis
827 2149 953 2213 operam
971 2121 1158 2198 induriutle

303 2250 344 2316 ad
359 2246 552 2316 discentium
576 2263 771 2329 progressus
798 2243 930 2314 referes.
972 2243 1035 2310 Hoc
1053 2233 1157 2304 norme

304 2363 382 2434 nius
401 2361 551 2428 faciebat.
594 2361 669 2428 Nos
689 2363 765 2427 haec
785 2381 873 2429 nunc
902 2365 971 2430 ideo
990 2357 1093 2427 uberius
1107 2347 1158 2418 liri·

303 2495 403 2558 nus,
426 2496 493 2558 quo
516 2477 637 2544 tectim
666 2497 722 2559 co,
744 2498 825 2562 quae
849 2479 934 2548 infre
957 2481 1050 2548 eodem
1069 2475 1099 2540 de
1114 2472 1158 2534 lem

302 2593 470 2675 dicemus,
494 2591 727 2676 intelligantur.

290 2759 294 2767 -
346 2711 411 2778 Sed
425 2727 499 2778 cum
509 2736 511 2748 ¹
522 2711 589 2778 duo
604 2709 670 2776 sint
689 2710 814 2793 publici
839 2712 983 2782 doctoris
999 2707 1098 2782 officio,
1113 2697 1159 2763 alte·

302 2843 376 2894 rum
393 2825 633 2904 necessarium,
655 2826 819 2894 institutio
841 2829 1000 2896 studiosae
1013 2813 1156 2911 juventutis,

289 2943 437 3006 alterum
454 2940 681 3018 honorarium.
704 2941 841 3024 scriptio
865 2943 1014 3011 librorum
1035 2927 1158 3014 inquibus

292 3055 484 3138 =doctrinam
500 3055 571 3138 ipse
587 3075 675 3124 suam
693 3056 732 3123 ad
748 3075 947 3125 communem
966 3053 1079 3124 omnium
1095 3053 1158 3108 usum

303 3173 439 3258 prodat,
461 3186 493 3238 et
517 3173 735 3254 provectiores
764 3172 841 3240 adeo
866 3195 903 3242 ac
924 3175 1048 3242 seniores
1066 3163 1160 3229 dorcet:

294 3287 394 3356 illius
420 3289 491 3358 irus
512 3289 592 3356 intra
613 3290 748 3373 parietes
765 3291 908 3358 alebatur
926 3278 1103 3356 numenio,
1118 3269 1159 3332 ¹¹¹³·

302 3407 492 3496 junflumen
514 3424 550 3475 oc
568 3405 719 3489 splendor
738 3406 893 3474 simulet
916 3398 1065 3488 scriptoris
1083 3379 1161 3457 dmm

304 3543 377 3594 nom
396 3541 428 3594 et
446 3523 562 3592 famem
579 3523 765 3592 Academiae
784 3523 1061 3609 Lugdunobararre
1077 3521 1119 3591 pu
1129 3513 1159 3562 1⁰·

303 3651 374 3704 tum
393 3654 543 3708 terrorum
572 3638 679 3707 orbem
705 3654 737 3707 et
763 3635 1000 3708 commendabat
1022 3645 1048 3694 et
1067 3622 1159 3688 llum·

301 3753 371 3820 brt.
422 3753 582 3822 Ernestus
615 3767 811 3837 quantopere
842 3767 957 3823 amaret
988 3731 1157 3814 ueternum

301 3869 440 3962 ’Μ
458 3871 625 3946 oneretur
639 3871 827 3957 interium,
847 3868 955 3940 murro
969 3864 1097 3932 uerene
1109 3856 1158 4013 ειιζ

550 3973 558 3986 ·
1111 3973 1137 4024 ΠΙ
