<?xml version="1.0" encoding="UTF-8"?>
<!DOCTYPE html PUBLIC "-//W3C//DTD XHTML 1.0 Transitional//EN"
    "http://www.w3.org/TR/xhtml1/DTD/xhtml1-transitional.dtd">
<html xmlns="http://www.w3.org/1999/xhtml" xml:lang="en" lang="en">
 <head>
  <title>
</title>
<meta http-equiv="Content-Type" content="text/html;charset=utf-8" />
  <meta name='ocr-system' content='tesseract 3.04.00' />
  <meta name='ocr-capabilities' content='ocr_page ocr_carea ocr_par ocr_line ocrx_word'/>
</head>
<body>
  <div class='ocr_page' id='page_1' title='image "./opusculavariiar01wyttgoog_0185.png"; bbox 0 0 2562 4708; ppageno 0'>
   <div class='ocr_carea' id='block_1_1' title="bbox 277 286 1210 576">
    <p class='ocr_par' dir='ltr' id='par_1_1' title="bbox 277 286 1210 576">
     <span class='ocr_line' id='line_1_1' title="bbox 279 286 1201 404; baseline 0.011 -42"><span class='ocrx_word' id='word_1_1' title='bbox 279 298 344 404; x_wconf 59' lang='grc' dir='ltr'><strong>ηε</strong></span> <span class='ocrx_word' id='word_1_2' title='bbox 385 286 712 380; x_wconf 63' lang='lat' dir='ltr'><strong>inutiliora</strong></span> <span class='ocrx_word' id='word_1_3' title='bbox 733 291 871 368; x_wconf 71' lang='lat' dir='ltr'><strong>emito</strong></span> <span class='ocrx_word' id='word_1_4' title='bbox 890 289 1148 372; x_wconf 72' lang='lat' dir='ltr'><strong>eumenem</strong></span> <span class='ocrx_word' id='word_1_5' title='bbox 1197 311 1201 323; x_wconf 74' lang='grc'>’</span> 
     </span>
     <span class='ocr_line' id='line_1_2' title="bbox 277 481 1210 576; baseline 0.003 -22"><span class='ocrx_word' id='word_1_6' title='bbox 277 485 506 572; x_wconf 83' lang='lat' dir='ltr'><strong>lpso‚·veluti</strong></span> <span class='ocrx_word' id='word_1_7' title='bbox 527 483 760 568; x_wconf 77' lang='lat' dir='ltr'><strong>hierophante,</strong></span> <span class='ocrx_word' id='word_1_8' title='bbox 782 481 926 572; x_wconf 64' lang='lat' dir='ltr'><strong>ejusdem</strong></span> <span class='ocrx_word' id='word_1_9' title='bbox 954 481 1112 564; x_wconf 79' lang='lat' dir='ltr'><strong>barbariei</strong></span> <span class='ocrx_word' id='word_1_10' title='bbox 1136 501 1210 576; x_wconf 73' lang='lat' dir='ltr'><strong>myo.</strong></span> 
     </span>
    </p>
   </div>
   <div class='ocr_carea' id='block_1_2' title="bbox 158 598 687 678">
    <p class='ocr_par' dir='ltr' id='par_1_2' title="bbox 158 598 687 678">
     <span class='ocr_line' id='line_1_3' title="bbox 158 598 687 678; baseline -0.011 -2"><span class='ocrx_word' id='word_1_11' title='bbox 158 628 160 643; x_wconf 89' lang='grc'><strong><em>·</em></strong></span> <span class='ocrx_word' id='word_1_12' title='bbox 283 604 391 675; x_wconf 84' lang='lat' dir='ltr'><strong>ateriu</strong></span> <span class='ocrx_word' id='word_1_13' title='bbox 407 601 553 674; x_wconf 82' lang='lat' dir='ltr'><strong>initiatus</strong></span> <span class='ocrx_word' id='word_1_14' title='bbox 575 598 687 678; x_wconf 71' lang='lat' dir='ltr'><strong>fueris.</strong></span> 
     </span>
    </p>
   </div>
   <div class='ocr_carea' id='block_1_3' title="bbox 180 717 1256 4040">
    <p class='ocr_par' dir='ltr' id='par_1_3' title="bbox 180 717 1256 4040">
     <span class='ocr_line' id='line_1_4' title="bbox 327 717 1202 808; baseline 0.013 -22"><span class='ocrx_word' id='word_1_15' title='bbox 327 719 392 798; x_wconf 80' lang='lat' dir='ltr'><strong>Sed</strong></span> <span class='ocrx_word' id='word_1_16' title='bbox 416 717 681 804; x_wconf 78' lang='lat' dir='ltr'><strong>perspicuitatis,</strong></span> <span class='ocrx_word' id='word_1_17' title='bbox 699 737 903 805; x_wconf 72' lang='lat' dir='ltr'><strong>¹quamquam</strong></span> <span class='ocrx_word' id='word_1_18' title='bbox 930 739 1044 808; x_wconf 81' lang='lat' dir='ltr'><strong>magna</strong></span> <span class='ocrx_word' id='word_1_19' title='bbox 1071 742 1144 807; x_wconf 84' lang='lat' dir='ltr'><strong>pars</strong></span> <span class='ocrx_word' id='word_1_20' title='bbox 1163 745 1202 798; x_wconf 84' lang='lat' dir='ltr'><strong>ex</strong></span> 
     </span>
     <span class='ocr_line' id='line_1_5' title="bbox 191 827 1207 926; baseline 0.01 -27"><span class='ocrx_word' id='word_1_21' title='bbox 191 905 194 913; x_wconf 61' lang='grc'><em>,</em></span> <span class='ocrx_word' id='word_1_22' title='bbox 282 827 458 926; x_wconf 75' lang='lat' dir='ltr'><strong>Latinitute</strong></span> <span class='ocrx_word' id='word_1_23' title='bbox 495 831 564 915; x_wconf 81' lang='lat' dir='ltr'><strong>ipsa</strong></span> <span class='ocrx_word' id='word_1_24' title='bbox 594 831 838 918; x_wconf 70' lang='lat' dir='ltr'><strong>proficipcitnr,</strong></span> <span class='ocrx_word' id='word_1_25' title='bbox 876 849 997 918; x_wconf 83' lang='lat' dir='ltr'><strong>tanrett¹</strong></span> <span class='ocrx_word' id='word_1_26' title='bbox 1017 837 1207 919; x_wconf 79' lang='lat' dir='ltr'><strong>peculiarem</strong></span> 
     </span>
     <span class='ocr_line' id='line_1_6' title="bbox 180 945 1206 1036; baseline 0.011 -21"><span class='ocrx_word' id='word_1_27' title='bbox 180 1027 183 1036; x_wconf 21' lang='grc' dir='ltr'><strong><em>ι</em></strong></span> <span class='ocrx_word' id='word_1_28' title='bbox 285 948 379 1016; x_wconf 88' lang='lat' dir='ltr'><strong>etiam</strong></span> <span class='ocrx_word' id='word_1_29' title='bbox 402 964 511 1013; x_wconf 85' lang='lat' dir='ltr'><strong>euram</strong></span> <span class='ocrx_word' id='word_1_30' title='bbox 534 945 654 1027; x_wconf 87' lang='lat' dir='ltr'><strong>habui,</strong></span> <span class='ocrx_word' id='word_1_31' title='bbox 682 949 755 1013; x_wconf 84' lang='lat' dir='ltr'><strong>cun&#39;r</strong></span> <span class='ocrx_word' id='word_1_32' title='bbox 780 947 815 1014; x_wconf 90' lang='lat' dir='ltr'><strong>in</strong></span> <span class='ocrx_word' id='word_1_33' title='bbox 841 951 1107 1036; x_wconf 81' lang='lat' dir='ltr'><strong>construetione,</strong></span> <span class='ocrx_word' id='word_1_34' title='bbox 1135 971 1206 1026; x_wconf 86' lang='lat' dir='ltr'><strong>turn</strong></span> 
     </span>
     <span class='ocr_line' id='line_1_7' title="bbox 283 1059 1206 1150; baseline 0.011 -20"><span class='ocrx_word' id='word_1_35' title='bbox 283 1064 321 1132; x_wconf 87' lang='lat' dir='ltr'><strong>in</strong></span> <span class='ocrx_word' id='word_1_36' title='bbox 344 1063 450 1142; x_wconf 82' lang='lat' dir='ltr'><strong>verbio</strong></span> <span class='ocrx_word' id='word_1_37' title='bbox 470 1059 626 1146; x_wconf 72' lang='lat' dir='ltr'><strong>singilio.</strong></span> <span class='ocrx_word' id='word_1_38' title='bbox 676 1059 791 1148; x_wconf 87' lang='lat' dir='ltr'><strong>Itaque</strong></span> <span class='ocrx_word' id='word_1_39' title='bbox 815 1065 929 1134; x_wconf 82' lang='lat' dir='ltr'><strong>sedulo</strong></span> <span class='ocrx_word' id='word_1_40' title='bbox 948 1069 1043 1150; x_wconf 79' lang='lat' dir='ltr'><strong>caui,</strong></span> <span class='ocrx_word' id='word_1_41' title='bbox 1072 1088 1113 1138; x_wconf 94' lang='lat' dir='ltr'><strong>ne</strong></span> <span class='ocrx_word' id='word_1_42' title='bbox 1137 1073 1206 1140; x_wconf 89' lang='lat' dir='ltr'><strong>lon·</strong></span> 
     </span>
     <span class='ocr_line' id='line_1_8' title="bbox 235 1176 1209 1270; baseline 0.003 -19"><span class='ocrx_word' id='word_1_43' title='bbox 235 1209 239 1220; x_wconf 95' lang='lat'>·</span> <span class='ocrx_word' id='word_1_44' title='bbox 282 1181 364 1268; x_wconf 73' lang='lat' dir='ltr'><strong>piari</strong></span> <span class='ocrx_word' id='word_1_45' title='bbox 395 1191 451 1246; x_wconf 88' lang='lat' dir='ltr'><strong>aut</strong></span> <span class='ocrx_word' id='word_1_46' title='bbox 479 1176 652 1246; x_wconf 83' lang='lat' dir='ltr'><strong>difficiliori</strong></span> <span class='ocrx_word' id='word_1_47' title='bbox 675 1177 943 1270; x_wconf 31' lang='lat' dir='ltr'><strong>enunciationem·</strong></span> <span class='ocrx_word' id='word_1_48' title='bbox 971 1186 1209 1268; x_wconf 68' lang='lat' dir='ltr'><strong>compositione</strong></span> 
     </span>
     <span class='ocr_line' id='line_1_9' title="bbox 282 1291 1210 1385; baseline 0.014 -24"><span class='ocrx_word' id='word_1_49' title='bbox 282 1295 424 1372; x_wconf 88' lang='lat' dir='ltr'><strong>tironum</strong></span> <span class='ocrx_word' id='word_1_50' title='bbox 453 1291 680 1376; x_wconf 75' lang='lat' dir='ltr'><strong>intelligentiae</strong></span> <span class='ocrx_word' id='word_1_51' title='bbox 714 1293 978 1380; x_wconf 78' lang='lat' dir='ltr'><strong>impedimentum</strong></span> <span class='ocrx_word' id='word_1_52' title='bbox 1003 1299 1210 1385; x_wconf 72' lang='lat' dir='ltr'><strong>abuteretur.</strong></span> 
     </span>
     <span class='ocr_line' id='line_1_10' title="bbox 283 1407 1208 1498; baseline 0.005 -19"><span class='ocrx_word' id='word_1_53' title='bbox 283 1411 357 1498; x_wconf 85' lang='lat' dir='ltr'><strong>Qua</strong></span> <span class='ocrx_word' id='word_1_54' title='bbox 381 1407 510 1495; x_wconf 88' lang='lat' dir='ltr'><strong>quiden</strong></span> <span class='ocrx_word' id='word_1_55' title='bbox 531 1409 568 1497; x_wconf 82' lang='lat' dir='ltr'><strong>in</strong></span> <span class='ocrx_word' id='word_1_56' title='bbox 579 1427 613 1479; x_wconf 88' lang='lat' dir='ltr'><strong>re</strong></span> <span class='ocrx_word' id='word_1_57' title='bbox 627 1427 694 1478; x_wconf 91' lang='lat' dir='ltr'><strong>non</strong></span> <span class='ocrx_word' id='word_1_58' title='bbox 711 1427 817 1478; x_wconf 88' lang='lat' dir='ltr'><strong>meum</strong></span> <span class='ocrx_word' id='word_1_59' title='bbox 838 1411 990 1483; x_wconf 75' lang='lat' dir='ltr'><strong>duntaxat</strong></span> <span class='ocrx_word' id='word_1_60' title='bbox 1004 1433 1133 1482; x_wconf 81' lang='lat' dir='ltr'><strong>sensttm</strong></span> <span class='ocrx_word' id='word_1_61' title='bbox 1154 1436 1208 1484; x_wconf 85' lang='lat' dir='ltr'><strong>se·</strong></span> 
     </span>
     <span class='ocr_line' id='line_1_11' title="bbox 282 1523 1206 1612; baseline -0.002 -14"><span class='ocrx_word' id='word_1_62' title='bbox 282 1545 380 1599; x_wconf 81' lang='lat' dir='ltr'><strong>entus</strong></span> <span class='ocrx_word' id='word_1_63' title='bbox 410 1543 504 1610; x_wconf 85' lang='lat' dir='ltr'><strong>aum,</strong></span> <span class='ocrx_word' id='word_1_64' title='bbox 535 1523 748 1592; x_wconf 74' lang='lat' dir='ltr'><strong>sedulianum</strong></span> <span class='ocrx_word' id='word_1_65' title='bbox 772 1541 903 1610; x_wconf 86' lang='lat' dir='ltr'><strong>quoque</strong></span> <span class='ocrx_word' id='word_1_66' title='bbox 930 1527 1086 1612; x_wconf 79' lang='lat' dir='ltr'><strong>judicium</strong></span> <span class='ocrx_word' id='word_1_67' title='bbox 1112 1530 1206 1598; x_wconf 84' lang='lat' dir='ltr'><strong>adhi-</strong></span> 
     </span>
     <span class='ocr_line' id='line_1_12' title="bbox 282 1640 1208 1730; baseline 0.008 -19"><span class='ocrx_word' id='word_1_68' title='bbox 282 1641 352 1720; x_wconf 82' lang='lat' dir='ltr'><strong>bui.</strong></span> <span class='ocrx_word' id='word_1_69' title='bbox 395 1640 512 1710; x_wconf 87' lang='lat' dir='ltr'><strong>Verbis</strong></span> <span class='ocrx_word' id='word_1_70' title='bbox 538 1659 622 1708; x_wconf 86' lang='lat' dir='ltr'><strong>vero·</strong></span> <span class='ocrx_word' id='word_1_71' title='bbox 635 1659 702 1708; x_wconf 85' lang='lat' dir='ltr'><strong>earn</strong></span> <span class='ocrx_word' id='word_1_72' title='bbox 730 1642 855 1728; x_wconf 84' lang='lat' dir='ltr'><strong>subjeci</strong></span> <span class='ocrx_word' id='word_1_73' title='bbox 877 1659 1094 1728; x_wconf 84' lang='lat' dir='ltr'><strong>potestatem,</strong></span> <span class='ocrx_word' id='word_1_74' title='bbox 1123 1667 1208 1730; x_wconf 85' lang='lat' dir='ltr'><strong>quae</strong></span> 
     </span>
     <span class='ocr_line' id='line_1_13' title="bbox 282 1747 1207 1866; baseline 0.006 -38"><span class='ocrx_word' id='word_1_75' title='bbox 282 1747 357 1838; x_wconf 72' lang='lat' dir='ltr'><strong>eunt</strong></span> <span class='ocrx_word' id='word_1_76' title='bbox 384 1779 422 1840; x_wconf 78' lang='lat' dir='ltr'><strong>erp</strong></span> <span class='ocrx_word' id='word_1_77' title='bbox 446 1759 593 1866; x_wconf 82' lang='lat' dir='ltr'><strong>ipsorum</strong></span> <span class='ocrx_word' id='word_1_78' title='bbox 616 1756 744 1842; x_wconf 60' lang='lat' dir='ltr'><strong>⁴origine</strong></span> <span class='ocrx_word' id='word_1_79' title='bbox 764 1773 924 1844; x_wconf 88' lang='lat' dir='ltr'><strong>manaret,</strong></span> <span class='ocrx_word' id='word_1_80' title='bbox 954 1773 1031 1828; x_wconf 84' lang='lat' dir='ltr'><strong>tum·</strong></span> <span class='ocrx_word' id='word_1_81' title='bbox 1049 1761 1207 1834; x_wconf 86' lang='lat' dir='ltr'><strong>Veterum</strong></span> 
     </span>
     <span class='ocr_line' id='line_1_14' title="bbox 283 1872 1207 1970; baseline 0.01 -27"><span class='ocrx_word' id='word_1_82' title='bbox 283 1876 520 1953; x_wconf 73' lang='lat' dir='ltr'><strong>cousuetudine</strong></span> <span class='ocrx_word' id='word_1_83' title='bbox 546 1872 799 1941; x_wconf 86' lang='lat' dir='ltr'><strong>confirmaretur.</strong></span> <span class='ocrx_word' id='word_1_84' title='bbox 843 1879 961 1960; x_wconf 80' lang='lat' dir='ltr'><strong>Atque</strong></span> <span class='ocrx_word' id='word_1_85' title='bbox 975 1880 1035 1948; x_wconf 89' lang='lat' dir='ltr'><strong>hac</strong></span> <span class='ocrx_word' id='word_1_86' title='bbox 1060 1879 1207 1970; x_wconf 85' lang='lat' dir='ltr'><strong>ratione,</strong></span> 
     </span>
     <span class='ocr_line' id='line_1_15' title="bbox 279 1989 1210 2080; baseline -0.004 -19"><span class='ocrx_word' id='word_1_87' title='bbox 279 1997 413 2080; x_wconf 79' lang='lat' dir='ltr'><strong>longum</strong></span> <span class='ocrx_word' id='word_1_88' title='bbox 430 2007 480 2062; x_wconf 87' lang='lat' dir='ltr'><strong>eat</strong></span> <span class='ocrx_word' id='word_1_89' title='bbox 496 2009 679 2075; x_wconf 82' lang='lat' dir='ltr'><strong>recensere,</strong></span> <span class='ocrx_word' id='word_1_90' title='bbox 705 2003 863 2076; x_wconf 86' lang='lat' dir='ltr'><strong>quantum</strong></span> <span class='ocrx_word' id='word_1_91' title='bbox 890 1989 1053 2064; x_wconf 81' lang='lat' dir='ltr'><strong>barbariae</strong></span> <span class='ocrx_word' id='word_1_92' title='bbox 1074 2015 1111 2066; x_wconf 86' lang='lat' dir='ltr'><strong>ae</strong></span> <span class='ocrx_word' id='word_1_93' title='bbox 1134 2016 1210 2066; x_wconf 67' lang='lat' dir='ltr'><strong>sor,</strong></span> 
     </span>
     <span class='ocr_line' id='line_1_16' title="bbox 281 2107 1209 2204; baseline 0.004 -24"><span class='ocrx_word' id='word_1_94' title='bbox 281 2113 372 2204; x_wconf 70' lang='lat' dir='ltr'><strong>ditem</strong></span> <span class='ocrx_word' id='word_1_95' title='bbox 396 2121 436 2180; x_wconf 77' lang='lat' dir='ltr'><strong>ex</strong></span> <span class='ocrx_word' id='word_1_96' title='bbox 461 2108 525 2174; x_wconf 87' lang='lat' dir='ltr'><strong>hoe</strong></span> <span class='ocrx_word' id='word_1_97' title='bbox 552 2108 663 2176; x_wconf 86' lang='lat' dir='ltr'><strong>libello</strong></span> <span class='ocrx_word' id='word_1_98' title='bbox 677 2107 1006 2193; x_wconf 69' lang='lat' dir='ltr'><strong>circumscriptarum,</strong></span> <span class='ocrx_word' id='word_1_99' title='bbox 1029 2130 1209 2196; x_wconf 86' lang='lat' dir='ltr'><strong>quantum·</strong></span> 
     </span>
     <span class='ocr_line' id='line_1_17' title="bbox 282 2224 1208 2313; baseline 0.004 -17"><span class='ocrx_word' id='word_1_100' title='bbox 282 2239 348 2313; x_wconf 75' lang='lat' dir='ltr'><strong>qne</strong></span> <span class='ocrx_word' id='word_1_101' title='bbox 374 2225 616 2310; x_wconf 83' lang='lat' dir='ltr'><strong>perspicuitatis</strong></span> <span class='ocrx_word' id='word_1_102' title='bbox 649 2224 679 2290; x_wconf 90' lang='lat' dir='ltr'><strong>ei</strong></span> <span class='ocrx_word' id='word_1_103' title='bbox 705 2225 914 2309; x_wconf 79' lang='lat' dir='ltr'><strong>adjunxerim.</strong></span> <span class='ocrx_word' id='word_1_104' title='bbox 965 2224 1087 2313; x_wconf 81' lang='lat' dir='ltr'><strong>Magna</strong></span> <span class='ocrx_word' id='word_1_105' title='bbox 1117 2229 1208 2300; x_wconf 88' lang='lat' dir='ltr'><strong>eninr</strong></span> 
     </span>
     <span class='ocr_line' id='line_1_18' title="bbox 279 2336 1210 2432; baseline 0.009 -24"><span class='ocrx_word' id='word_1_106' title='bbox 279 2355 330 2432; x_wconf 71' lang='lat' dir='ltr'><strong>eat</strong></span> <span class='ocrx_word' id='word_1_107' title='bbox 353 2337 555 2424; x_wconf 61' lang='lat' dir='ltr'><strong>expurgandi,</strong></span> <span class='ocrx_word' id='word_1_108' title='bbox 579 2336 728 2422; x_wconf 80' lang='lat' dir='ltr'><strong>materia,</strong></span> <span class='ocrx_word' id='word_1_109' title='bbox 757 2353 789 2406; x_wconf 87' lang='lat' dir='ltr'><strong>et</strong></span> <span class='ocrx_word' id='word_1_110' title='bbox 821 2337 1007 2410; x_wconf 85' lang='lat' dir='ltr'><strong>incredibile</strong></span> <span class='ocrx_word' id='word_1_111' title='bbox 1033 2356 1085 2410; x_wconf 87' lang='lat' dir='ltr'><strong>est</strong></span> <span class='ocrx_word' id='word_1_112' title='bbox 1112 2341 1210 2416; x_wconf 87' lang='lat' dir='ltr'><strong>dictu</strong></span> 
     </span>
     <span class='ocr_line' id='line_1_19' title="bbox 278 2455 1210 2544; baseline 0.004 -20"><span class='ocrx_word' id='word_1_113' title='bbox 278 2471 379 2541; x_wconf 79' lang='lat' dir='ltr'><strong>qnam</strong></span> <span class='ocrx_word' id='word_1_114' title='bbox 401 2457 469 2525; x_wconf 83' lang='lat' dir='ltr'><strong>aiut</strong></span> <span class='ocrx_word' id='word_1_115' title='bbox 491 2473 608 2542; x_wconf 78' lang='lat' dir='ltr'><strong>provee</strong></span> <span class='ocrx_word' id='word_1_116' title='bbox 624 2473 746 2524; x_wconf 77' lang='lat' dir='ltr'><strong>erraret</strong></span> <span class='ocrx_word' id='word_1_117' title='bbox 771 2455 807 2524; x_wconf 90' lang='lat' dir='ltr'><strong>in</strong></span> <span class='ocrx_word' id='word_1_118' title='bbox 832 2457 1021 2544; x_wconf 81' lang='lat' dir='ltr'><strong>pervulgato</strong></span> <span class='ocrx_word' id='word_1_119' title='bbox 1047 2459 1210 2528; x_wconf 85' lang='lat' dir='ltr'><strong>recentio-</strong></span> 
     </span>
     <span class='ocr_line' id='line_1_20' title="bbox 278 2571 1209 2655; baseline 0.004 -17"><span class='ocrx_word' id='word_1_120' title='bbox 278 2587 354 2638; x_wconf 83' lang='lat' dir='ltr'><strong>rum.</strong></span> <span class='ocrx_word' id='word_1_121' title='bbox 377 2589 459 2640; x_wconf 85' lang='lat' dir='ltr'><strong>usur</strong></span> <span class='ocrx_word' id='word_1_122' title='bbox 484 2571 609 2652; x_wconf 88' lang='lat' dir='ltr'><strong>veluti,</strong></span> <span class='ocrx_word' id='word_1_123' title='bbox 631 2587 757 2655; x_wconf 87' lang='lat' dir='ltr'><strong>quum,</strong></span> <span class='ocrx_word' id='word_1_124' title='bbox 780 2585 892 2639; x_wconf 88' lang='lat' dir='ltr'><strong>contra</strong></span> <span class='ocrx_word' id='word_1_125' title='bbox 907 2590 1110 2640; x_wconf 86' lang='lat' dir='ltr'><strong>communem</strong></span> <span class='ocrx_word' id='word_1_126' title='bbox 1129 2593 1209 2642; x_wconf 86' lang='lat' dir='ltr'><strong>aen·</strong></span> 
     </span>
     <span class='ocr_line' id='line_1_21' title="bbox 275 2667 1211 2774; baseline -0.005 -12"><span class='ocrx_word' id='word_1_127' title='bbox 275 2704 355 2762; x_wconf 80' lang='lat' dir='ltr'><strong>¹aunt</strong></span> <span class='ocrx_word' id='word_1_128' title='bbox 377 2705 419 2762; x_wconf 83' lang='lat' dir='ltr'><strong>,et</strong></span> <span class='ocrx_word' id='word_1_129' title='bbox 439 2667 609 2762; x_wconf 79' lang='lat' dir='ltr'><strong>uerborum</strong></span> <span class='ocrx_word' id='word_1_130' title='bbox 643 2705 810 2770; x_wconf 87' lang='lat' dir='ltr'><strong>naturam,</strong></span> <span class='ocrx_word' id='word_1_131' title='bbox 841 2688 1060 2774; x_wconf 82' lang='lat' dir='ltr'><strong>Syntheticrrn</strong></span> <span class='ocrx_word' id='word_1_132' title='bbox 1085 2704 1211 2758; x_wconf 84' lang='lat' dir='ltr'><strong>vocant</strong></span> 
     </span>
     <span class='ocr_line' id='line_1_22' title="bbox 274 2803 1210 2890; baseline -0.006 -12"><span class='ocrx_word' id='word_1_133' title='bbox 274 2806 495 2890; x_wconf 72' lang='lat' dir='ltr'><strong>melodum,</strong></span> <span class='ocrx_word' id='word_1_134' title='bbox 512 2805 740 2888; x_wconf 75' lang='lat' dir='ltr'><strong>praedirum,</strong></span> <span class='ocrx_word' id='word_1_135' title='bbox 755 2803 959 2889; x_wconf 84' lang='lat' dir='ltr'><strong>Anaiyticant</strong></span> <span class='ocrx_word' id='word_1_136' title='bbox 973 2821 1210 2890; x_wconf 63' lang='lat' dir='ltr'><strong>contempnat</strong></span> 
     </span>
     <span class='ocr_line' id='line_1_23' title="bbox 273 2917 1209 3008; baseline -0.007 -12"><span class='ocrx_word' id='word_1_137' title='bbox 273 2926 470 3008; x_wconf 70' lang='lat' dir='ltr'><strong>conponit:</strong></span> <span class='ocrx_word' id='word_1_138' title='bbox 492 2940 661 3006; x_wconf 83' lang='lat' dir='ltr'><strong>quumque</strong></span> <span class='ocrx_word' id='word_1_139' title='bbox 683 2917 782 2994; x_wconf 80' lang='lat' dir='ltr'><strong>aintiii</strong></span> <span class='ocrx_word' id='word_1_140' title='bbox 799 2922 977 2990; x_wconf 86' lang='lat' dir='ltr'><strong>teneritate</strong></span> <span class='ocrx_word' id='word_1_141' title='bbox 1000 2923 1035 2990; x_wconf 92' lang='lat' dir='ltr'><strong>in</strong></span> <span class='ocrx_word' id='word_1_142' title='bbox 1053 2922 1126 2990; x_wconf 83' lang='lat' dir='ltr'><strong>aliia</strong></span> <span class='ocrx_word' id='word_1_143' title='bbox 1141 2941 1209 2989; x_wconf 88' lang='lat' dir='ltr'><strong>no-</strong></span> 
     </span>
     <span class='ocr_line' id='line_1_24' title="bbox 269 3039 602 3110; baseline -0.006 0"><span class='ocrx_word' id='word_1_144' title='bbox 269 3039 419 3110; x_wconf 68' lang='lat' dir='ltr'><strong>minibus</strong></span> <span class='ocrx_word' id='word_1_145' title='bbox 440 3040 602 3108; x_wconf 80' lang='lat' dir='ltr'><strong>turbatur.</strong></span> 
     </span>
     <span class='ocr_line' id='line_1_25' title="bbox 267 3153 1256 3240; baseline -0.003 -14"><span class='ocrx_word' id='word_1_146' title='bbox 267 3192 272 3204; x_wconf 93' lang='lat'><strong>·</strong></span> <span class='ocrx_word' id='word_1_147' title='bbox 320 3155 438 3240; x_wconf 86' lang='lat' dir='ltr'><strong>Neque</strong></span> <span class='ocrx_word' id='word_1_148' title='bbox 453 3175 530 3228; x_wconf 84' lang='lat' dir='ltr'><strong>vero</strong></span> <span class='ocrx_word' id='word_1_149' title='bbox 546 3157 608 3226; x_wconf 89' lang='lat' dir='ltr'><strong>boc</strong></span> <span class='ocrx_word' id='word_1_150' title='bbox 621 3175 666 3224; x_wconf 84' lang='lat' dir='ltr'><strong>eo</strong></span> <span class='ocrx_word' id='word_1_151' title='bbox 684 3155 809 3238; x_wconf 81' lang='lat' dir='ltr'><strong>rripit,</strong></span> <span class='ocrx_word' id='word_1_152' title='bbox 825 3172 863 3225; x_wconf 91' lang='lat' dir='ltr'><strong>ut</strong></span> <span class='ocrx_word' id='word_1_153' title='bbox 880 3153 1086 3240; x_wconf 74' lang='lat' dir='ltr'><strong>repudiandis</strong></span> <span class='ocrx_word' id='word_1_154' title='bbox 1101 3153 1212 3223; x_wconf 89' lang='lat' dir='ltr'><strong>acho·</strong></span> <span class='ocrx_word' id='word_1_155' title='bbox 1251 3176 1256 3185; x_wconf 81' lang='grc'>’</span> 
     </span>
     <span class='ocr_line' id='line_1_26' title="bbox 267 3267 1210 3346; baseline 0 -4"><span class='ocrx_word' id='word_1_156' title='bbox 267 3273 522 3342; x_wconf 79' lang='lat' dir='ltr'><strong>tlasticiaverbis</strong></span> <span class='ocrx_word' id='word_1_157' title='bbox 538 3274 771 3344; x_wconf 75' lang='lat' dir='ltr'><strong>obbcuritatem</strong></span> <span class='ocrx_word' id='word_1_158' title='bbox 782 3273 1011 3346; x_wconf 72' lang='lat' dir='ltr'><strong>cantatorem.</strong></span> <span class='ocrx_word' id='word_1_159' title='bbox 1033 3267 1210 3346; x_wconf 66' lang='lat' dir='ltr'><strong>„Omnino</strong></span> 
     </span>
     <span class='ocr_line' id='line_1_27' title="bbox 274 3363 1248 3476; baseline -0.004 -18"><span class='ocrx_word' id='word_1_160' title='bbox 274 3391 430 3476; x_wconf 82' lang='lat' dir='ltr'><strong>pleraque</strong></span> <span class='ocrx_word' id='word_1_161' title='bbox 451 3389 582 3458; x_wconf 89' lang='lat' dir='ltr'><strong>illorum</strong></span> <span class='ocrx_word' id='word_1_162' title='bbox 599 3381 727 3476; x_wconf 80' lang='lat' dir='ltr'><strong>uulgari</strong></span> <span class='ocrx_word' id='word_1_163' title='bbox 752 3409 788 3458; x_wconf 84' lang='lat' dir='ltr'><strong>ac</strong></span> <span class='ocrx_word' id='word_1_164' title='bbox 809 3391 963 3456; x_wconf 86' lang='lat' dir='ltr'><strong>diuturno</strong></span> <span class='ocrx_word' id='word_1_165' title='bbox 979 3403 1041 3453; x_wconf 85' lang='lat' dir='ltr'><strong>unu</strong></span> <span class='ocrx_word' id='word_1_166' title='bbox 1057 3403 1124 3454; x_wconf 87' lang='lat' dir='ltr'><strong>eant</strong></span> <span class='ocrx_word' id='word_1_167' title='bbox 1141 3407 1207 3456; x_wconf 83' lang='lat' dir='ltr'><strong>au·</strong></span> <span class='ocrx_word' id='word_1_168' title='bbox 1245 3363 1248 3385; x_wconf 66' lang='grc'><strong><em>’</em></strong></span> 
     </span>
     <span class='ocr_line' id='line_1_28' title="bbox 267 3503 1211 3588; baseline 0.006 -18"><span class='ocrx_word' id='word_1_169' title='bbox 267 3505 456 3572; x_wconf 79' lang='lat' dir='ltr'><strong>etoriratem</strong></span> <span class='ocrx_word' id='word_1_170' title='bbox 473 3521 566 3574; x_wconf 88' lang='lat' dir='ltr'><strong>nacta</strong></span> <span class='ocrx_word' id='word_1_171' title='bbox 585 3521 687 3588; x_wconf 79' lang='lat' dir='ltr'><strong>aaut,</strong></span> <span class='ocrx_word' id='word_1_172' title='bbox 708 3507 746 3576; x_wconf 89' lang='lat' dir='ltr'><strong>rit</strong></span> <span class='ocrx_word' id='word_1_173' title='bbox 763 3503 909 3576; x_wconf 84' lang='lat' dir='ltr'><strong>nonnisi</strong></span> <span class='ocrx_word' id='word_1_174' title='bbox 927 3519 999 3570; x_wconf 89' lang='lat' dir='ltr'><strong>eurn</strong></span> <span class='ocrx_word' id='word_1_175' title='bbox 1018 3503 1211 3576; x_wconf 75' lang='lat' dir='ltr'><strong>ubscurita-</strong></span> 
     </span>
     <span class='ocr_line' id='line_1_29' title="bbox 185 3619 1202 3706; baseline 0.001 -19"><span class='ocrx_word' id='word_1_176' title='bbox 185 3631 186 3636; x_wconf 76' lang='grc'>’</span> <span class='ocrx_word' id='word_1_177' title='bbox 263 3619 316 3688; x_wconf 77' lang='lat' dir='ltr'><strong>nia</strong></span> <span class='ocrx_word' id='word_1_178' title='bbox 333 3621 480 3706; x_wconf 84' lang='lat' dir='ltr'><strong>periculo</strong></span> <span class='ocrx_word' id='word_1_179' title='bbox 497 3621 616 3705; x_wconf 80' lang='lat' dir='ltr'><strong>negligi</strong></span> <span class='ocrx_word' id='word_1_180' title='bbox 634 3639 765 3705; x_wconf 85' lang='lat' dir='ltr'><strong>queant.</strong></span> <span class='ocrx_word' id='word_1_181' title='bbox 810 3621 935 3688; x_wconf 81' lang='lat' dir='ltr'><strong>Horma</strong></span> <span class='ocrx_word' id='word_1_182' title='bbox 960 3619 1077 3702; x_wconf 75' lang='lat' dir='ltr'><strong>partim</strong></span> <span class='ocrx_word' id='word_1_183' title='bbox 1102 3639 1202 3688; x_wconf 87' lang='lat' dir='ltr'><strong>corn-</strong></span> 
     </span>
     <span class='ocr_line' id='line_1_30' title="bbox 261 3734 1207 3820; baseline -0.001 -14"><span class='ocrx_word' id='word_1_184' title='bbox 261 3736 446 3806; x_wconf 55' lang='lat' dir='ltr'><strong>ettenorum</strong></span> <span class='ocrx_word' id='word_1_185' title='bbox 478 3737 518 3803; x_wconf 88' lang='lat' dir='ltr'><strong>ad</strong></span> <span class='ocrx_word' id='word_1_186' title='bbox 547 3735 838 3820; x_wconf 83' lang='lat' dir='ltr'><strong>interpretationem</strong></span> <span class='ocrx_word' id='word_1_187' title='bbox 864 3734 1056 3806; x_wconf 83' lang='lat' dir='ltr'><strong>Latinorum</strong></span> <span class='ocrx_word' id='word_1_188' title='bbox 1089 3734 1207 3805; x_wconf 82' lang='lat' dir='ltr'><strong>norri-</strong></span> 
     </span>
     <span class='ocr_line' id='line_1_31' title="bbox 257 3849 1207 3938; baseline 0 -22"><span class='ocrx_word' id='word_1_189' title='bbox 257 3869 372 3938; x_wconf 70' lang='lat' dir='ltr'><strong>,1uutt</strong></span> <span class='ocrx_word' id='word_1_190' title='bbox 395 3850 512 3936; x_wconf 86' lang='lat' dir='ltr'><strong>partim</strong></span> <span class='ocrx_word' id='word_1_191' title='bbox 535 3849 651 3922; x_wconf 89' lang='lat' dir='ltr'><strong>retinul</strong></span> <span class='ocrx_word' id='word_1_192' title='bbox 667 3851 707 3922; x_wconf 87' lang='lat' dir='ltr'><strong>ad</strong></span> <span class='ocrx_word' id='word_1_193' title='bbox 731 3849 958 3938; x_wconf 76' lang='lat' dir='ltr'><strong>significandae</strong></span> <span class='ocrx_word' id='word_1_194' title='bbox 973 3869 1045 3934; x_wconf 88' lang='lat' dir='ltr'><strong>rea,</strong></span> <span class='ocrx_word' id='word_1_195' title='bbox 1067 3851 1096 3917; x_wconf 82' lang='lat' dir='ltr'><strong>ei</strong></span> <span class='ocrx_word' id='word_1_196' title='bbox 1120 3849 1207 3932; x_wconf 89' lang='lat' dir='ltr'><strong>qui·</strong></span> 
     </span>
     <span class='ocr_line' id='line_1_32' title="bbox 1119 3965 1200 4040; baseline -0.025 -8"><span class='ocrx_word' id='word_1_197' title='bbox 1119 3965 1200 4040; x_wconf 75' lang='lat' dir='ltr'><strong>dem</strong></span> 
     </span>
    </p>
   </div>
   <div class='ocr_carea' id='block_1_4' title="bbox 0 0 1291 4708">
    <p class='ocr_par' dir='ltr' id='par_1_4' title="bbox 0 0 1291 4708">
     <span class='ocr_line' id='line_1_33' title="bbox 0 0 1291 4708; baseline 0 0"><span class='ocrx_word' id='word_1_198' title='bbox 0 0 1291 4708; x_wconf 95' lang='lat' dir='ltr'><strong> </strong></span> 
     </span>
    </p>
   </div>
  </div>
 </body>
</html>
