2508 4712
193 303 330 390 illd
365 299 411 381 m.
450 299 795 384 lllllllillllNll.
886 315 955 405 ⁶59

24 487 261 579 Stesichorus,
301 495 487 578 Pindarus,
525 483 762 582 Bacchylides,
802 500 946 586 ibycus,
1031 452 1033 462 Ι

21 613 219 704 Anacreon„
241 613 440 694 Simonidess
472 613 623 699 Tragici,
655 612 864 699 Aeschylus,
885 615 946 684 So·

21 732 185 818 phocles,
208 729 403 816 Euripides,
419 728 507 817 lon,
529 729 679 798 Achaeus
694 748 706 795 a
729 726 851 798 Comici
866 729 948 796 anti·

874 857 957 928 qued

21 1055 55 1114 ld
75 1052 316 1129 Lycophronem
336 1043 413 1112 solos
434 1047 537 1114 Poetis
556 1055 719 1114 recensente
739 1040 790 1114 sed
807 1052 955 1128 utriusqus
1064 1077 1067 1084 ⁴

21 1151 83 1223 hoc
112 1176 169 1220 erat
195 1163 383 1236 propositum,
422 1151 541 1222 Constat
564 1163 768 1222 Grammaticos
794 1163 823 1220 in
847 1162 954 1222 scholis

21 1281 81 1331 hon
97 1271 189 1329 solum
209 1272 313 1332 Poetis
331 1269 379 1328 sed
394 1276 493 1346 prosae
509 1272 666 1346 Scriptores
681 1285 828 1330 enarrasse,
866 1271 952 1331 calli-
1036 1343 1041 1346 ,

21 1381 141 1440 inachus
158 1374 315 1440 Democriti
332 1367 442 1453 scriptis
462 1379 589 1440 criticam
606 1379 867 1454 grammaticamque
884 1394 954 1452 ope·

21 1491 82 1549 'sam
106 1489 218 1546 tribuite
239 1500 266 1546 et
292 1485 360 1545 alios
384 1488 551 1546 clarissimos
572 1496 701 1562 quosque
717 1488 875 1548 recensuit:
893 1471 953 1549 md,

21 1588 140 1678 Jonsius
159 1581 294 1669 Scriptus.
314 1597 388 1656 Histt
409 1596 482 1658 Phil.
499 1593 548 1665 11,
563 1605 592 1669 5.
611 1596 765 1656 Diomedes
784 1596 907 1659 Lib.11.
925 1613 956 1672 p.

21 1709 106 1784 421,
136 1705 323 1764 Grammatico
352 1721 410 1763 non
434 1683 530 1762 solum¹
543 1705 643 1763 Poetae
664 1701 713 1765 sed
733 1719 761 1764 et
781 1706 958 1782 Scriptores,

21 1803 54 1875 ld
73 1825 139 1882 est,
158 1785 267 1886 eosqui
287 1817 370 1887 prosa
397 1812 524 1870 oratione
547 1813 734 1886 scripserunt,
754 1811 888 1886 subjicit,
907 1817 958 1870 ιιι··

21 1935 161 1990 ctorem,
181 1923 269 1994 puto,
290 1935 410 1995 sequens
434 1917 597 1982 Varronem.
634 1919 778 1999 Judicium
800 1935 841 1982 est
865 1924 957 1996 spisse

21 2041 51 2090 et
71 2037 208 2099 censuras
228 2029 337 2104 qualem
355 2027 535 2104 prodiderunt
550 2032 630 2089 etiam
650 2031 795 2106 praecipui
810 2029 955 2093 rhetoresi

21 2151 50 2200 et
68 2149 181 2215 praeter
194 2140 433 2218 Quinctilidnunl,
448 2139 601 2214 Dionysius
616 2139 859 2213 Halieumasseus,
877 2139 958 2215 opp.

21 2242 121 2310 Rhea.
147 2265 178 2322 p.
210 2265 284 2318 rsa,
314 2261 404 2321 sequa
423 2259 451 2306 et
478 2249 669 2322 Hermogenes
687 2247 724 2310 de
747 2243 854 2310 Formis
875 2250 962 2312 Orat.-

26 2343 75 2428 ll‚
100 2371 140 2431 5²
159 2368 279 2429 uterque
298 2369 420 2431 veterem
448 2355 697 2418 Grammaticorum
719 2359 747 2416 ln
771 2360 882 2430 Paitis,
907 2357 960 2420 sed
1034 2385 1044 2404 a

28 2465 120 2539 magis
141 2463 169 2522 iu
194 2456 405 2540 scriptoribus,
433 2475 546 2524 censum
564 2479 676 2526 secutus
698 2481 749 2528 esta
794 2468 962 2542 Aristopha·

27 2587 96 2634 nem
118 2557 286 2646 Byzantium
303 2570 416 2646 quidem
436 2572 464 2629 in
486 2569 725 2647 Philosophorum
742 2576 824 2633 etiam
843 2587 963 2640 censure

28 2693 60 2741 ac
77 2679 191 2756 judicio
208 2693 346 2740 versatum
361 2689 442 2748 esse,
461 2677 525 2736 lnde
541 2681 702 2752 colligitur,
720 2679 799 2752 quod
816 2681 962 2742 Platonem

30 2793 58 2850 in
77 2789 218 2862 Tnlogias
238 2785 397 2856 distribuit,
417 2799 487 2843 teste
510 2771 643 2860 Diogene
667 2781 799 2856 Laertio,
819 2787 886 2857 lll,
906 2788 962 2848 dtr

31 2915 59 2958 et
77 2897 159 2973 quod
175 2897 291 2970 ilpicuri
307 2895 399 2954 stilum
416 2892 611 2966 reprehendit,
630 2891 731 2952 eodem
750 2903 838 2964 teste,
854 2896 899 2965 X,
918 2907 961 2969 13.

32 3007 277 3081 Credausigitur,
298 3000 385 3064 fuisse
407 3003 520 3080 quidem
546 3004 696 3077 untiquitus
717 3005 799 3064 talem
824 3021 962 3068 canonem

32 3109 196 3182 Arcturum
211 3115 245 3174 ab
270 3113 457 3188 Aristophane
480 3111 618 3186 Byzantio
639 3125 666 3170 et
684 3108 847 3173 Aristarcho
865 3115 965 3174 confe-

34 3241 138 3297 ctum,
157 3222 206 3283 sed
227 3222 344 3284 cundem
365 3189 520 3280 sensim‘lta
544 3231 658 3279 auctum
680 3234 708 3280 et
730 3235 865 3280 motatum
885 3227 901 3282 a
922 3205 965 3283 se-

35 3333 188 3410 quentibus
210 3330 425 3402 Grammaticis,
453 3343 485 3387 ut
507 3329 574 3404 quid
599 3327 710 3388 illorum
731 3313 965 3408 duumviromm,

36 3455 67 3500 et
85 3437 154 3515 quid
173 3441 312 3516 cujusque
330 3439 503 3514 sequentium
523 3451 613 3510 esset,
632 3451 688 3497 nou
712 3439 829 3513 amplius
853 3423 969 3514 appare}

37 3563 93 3610 tet,
131 3545 297 3621 Caeterum,
324 3549 352 3606 ln
368 3547 530 3608 Ruhnkenii
551 3545 645 3607 indice
664 3539 695 3620 p.
713 3563 771 3620 94,
790 3545 966 3620 nescioquo

38 3674 127 3729 cmu,
139 3661 234 3718 omusi
250 3672 313 3718 sunt
325 3658 507 3733 Philosophi:
525 3673 643 3731 quorum
660 3670 750 3713 tamen
767 3656 899 3713 radonem
920 3655 967 3716 hs·

39 3765 162 3825 buerunt
179 3768 332 3842 Dionysius
350 3767 589 3836 Halicarnasseus,
610 3761 831 3838 Quinctiliauus,
849 3775 877 3820 et
894 3762 966 3824 ilec·
1078 3781 1080 3786 ·

38 3887 185 3946 mogenes.

488 3975 595 4048 Tta
