2438 4718
152 325 212 398 uu
232 265 492 396 uuuuonuut
514 262 828 396 nnuca‘rrouu.
894 317 964 421 pap

36 512 202 600 ctoritatec
221 508 274 578 vel
291 507 331 576 ab
355 503 508 590 exemplis
532 504 723 591 historicis,
746 510 798 576 vel
819 513 954 587 aliorum

40 630 164 704 nomine
180 643 212 694 cc
226 623 349 707 effatia‚
370 621 511 709 petitae,
534 621 569 690 in
592 623 697 690 cadom
722 640 801 692 sunt
816 607 955 702 levitate.

79 745 124 812 V.
141 744 193 811 Ex
213 739 424 825 Philosophia
449 755 535 805 tunna
559 755 610 806 eat
631 739 749 828 Plato,
778 743 876 830 cujus
898 743 959 810 sub
1067 716 1070 724 ’

39 854 143 942 ipsius
159 857 290 926 nomine
305 870 515 940 apponuntur
530 855 726 942 sententiae3
745 859 801 926 sod
818 878 878 926 nec
896 833 963 926 am'·
1005 835 1016 853 ’

38 975 129 1062 plius
155 973 259 1040 tribuo
285 972 388 1056 lucia,
421 991 479 1040 nec
506 989 543 1040 ut
564 973 788 1059 philosophiae
816 975 964 1058 placitat

36 1095 142 1181 magis
165 1094 362 1168 auctoritatis
378 1107 411 1162 et
436 1106 570 1162 ornatus
594 1111 720 1160 crusta.
764 1093 960 1190 Euripidem

37 1227 152 1300 quater
172 1214 359 1281 laudanturt
387 1227 470 1294 quae
489 1227 549 1293 pto
565 1209 733 1277 Plutarchi
750 1215 963 1283 conructudl·

36 1350 77 1398 ne
93 1335 196 1400 multo
215 1333 325 1418 plures
343 1347 414 1399 ease
430 1328 597 1396 debebant.
640 1327 840 1413 Homerica,
855 1332 963 1399 nullut

33 1445 214 1528 Hesiodea,
235 1463 320 1512 una:
353 1443 429 1510 item
455 1441 645 1528 Phocylidls
671 1457 704 1509 et
726 1441 877 1529 sonora,
900 1463 965 1515 unt
1108 1459 1110 1464 ’

33 1563 215 1649 cujusque:
233 1561 330 1628 acmel
346 1559 553 1644 Epigramma
568 1559 680 1625 incerti
697 1573 826 1643 poctaec
843 1559 965 1628 Demo·

35 1678 168 1746 athenis
189 1678 284 1744 locus
307 1695 405 1754 unus.
448 1675 502 1742 Ex
520 1675 579 1741 hac
598 1675 759 1760 paucitate
778 1674 813 1741 in
833 1675 964 1742 laudan·

29 1793 84 1860 dis
102 1797 283 1860 Auctorum
309 1787 497 1871 sententiis,
518 1801 550 1854 ct
567 1787 795 1871 plerorumque
812 1767 965 1856 omissio·

31 1927 96 1991 nc,
117 1910 184 1993 jam
213 1906 287 1992 quis
315 1905 504 1990 auspicetur
520 1903 726 1972 Plutarchum
745 1889 843 1990 huju'a
862 1903 965 1976 libelli
1039 1946 1050 1966 .

33 2025 228 2106 scriptorem
250 2039 318 2089 non
344 2037 444 2087 ease.l
471 2017 642 2087 Caeterum
666 2021 756 2104 quod
776 2020 839 2086 sub
864 2019 960 2090 finem

33 2117 257 2222 Pythagorica
267 2132 437 2219 symbola,
452 2132 547 2216 quasi
564 2151 581 2199 e
596 2151 711 2216 tacco,
725 2131 956 2228 effunduntur,

33 2254 141 2336 potius
164 2247 330 2319 inscitiam
354 2269 449 2335 quant
471 2237 650 2317 doctrinam
671 2251 793 2335 prodit.

76 2369 133 2439 Vl.
153 2369 350 2455 Frequentia
378 2383 455 2437 aunt
479 2371 621 2454 excmpla
646 2370 822 2441 historica:
853 2389 954 2456 eaque

32 2506 105 2556 atne
121 2487 214 2556 hunc
229 2487 373 2554 libellum
389 2489 532 2573 jucunda
550 2487 701 2556 uarietate
720 2488 952 2574 distinguunta

27 2604 72 2670 ita
87 2618 192 2671 tamen
212 2618 249 2668 ut
265 2604 421 2682 nonnulla
437 2621 548 2698 eorum
566 2623 637 2669 eum
658 2623 725 2671 non
742 2625 767 2670 a·
779 2603 955 2671 Plutarcho

30 2718 187 2804 scriptum
207 2734 365 2804 arguant,
387 2720 503 2802 partim
521 2719 561 2784 ab
578 2721 648 2802 ipsa
663 2719 817 2800 ueritate,
840 2719 958 2803 partim

31 2837 184 2904 aratione
201 2830 319 2918 quain
339 2835 496 2919 germanis
513 2833 678 2900 Plutarchi
700 2833 792 2900 libria
818 2833 962 2899 referun-

31 2963 106 3033 tur,
125 2949 365 3026 disscntientia.
409 2937 522 3016 Veluti
542 2947 625 3016 iilud
639 2947 724 3031 Cap.
744 2945 788 3014 ll.
806 2965 840 3030 p.
864 2965 901 3015 r.
911 2948 955 3015 D.

33 3067 71 3134 dc
92 3066 329 3137 Themistoclis
346 3065 415 3136 filio
432 3065 524 3134 aliter
542 3081 591 3131 est
614 3064 648 3132 iu
675 3063 752 3132 Vita
770 3063 962 3133 Themisto·

31 3182 92 3248 clla
116 3203 152 3269 p.
175 3185 259 3262 roll.
276 3181 316 3250 B.
343 3196 376 3248 et
398 3181 642 3266 apophthegm,
669 3200 703 3264 p.
724 3181 799 3264 185.
818 3181 861 3248 D.
882 3180 961 3248 Stil·
1101 3221 1104 3230 ι

28 3305 123 3388 ponis
146 3283 287 3374 factum
306 3303 494 3385 dictumque
520 3302 560 3374 ad
587 3299 783 3382 Demetrium
800 3297 964 3368 Poliorce-

29 3433 90 3485 tem
115 3419 208 3505 Cap.
230 3417 319 3486 Vlll.
351 3439 387 3509 p.
404 3435 437 3504 ς.
466 3417 504 3487 P.
527 3415 617 3484 aliter
641 3413 778 3486 refertur
799 3434 817 3481 a
836 3415 963 3482 Plutar-

29 3532 91 3600 cho
112 3535 191 3604 aliia
212 3534 318 3619 locis3
342 3536 440 3602 altero
456 3533 505 3600 De
523 3531 632 3600 Animi
649 3531 901 3614 Tranquillitate
923 3517 959 3616 p.
1060 3539 1067 3562 ⁸

30 3667 104 3735 435.
125 3651 171 3722 C.
192 3641 309 3720 obiter
331 3667 362 3718 ct
388 3651 538 3733 brevium
562 3651 662 3718 altero
689 3647 839 3731 uberius,
862 3661 899 3716 ut
923 3649 961 3718 in

29 3769 189 3855 historia,
226 3773 259 3840 in
284 3773 360 3842 Vita
385 3773 537 3840 Demetrii
563 3792 597 3857 p.
619 3772 693 3857 89³·
720 3771 769 3838 ll:
798 3787 958 3856 praeterea

29 3880 111 3966 iilud
125 3887 256 3960 falsum
273 3889 438 3968 ethorum
454 3889 717 3960 Plutarcheorurn
734 3887 880 3957 locorum
899 3901 961 3950 au·
