2388 4714
121 271 372 360 rememoro
392 271 664 358 MQRALIUM.
687 277 817 354 voli.
860 280 928 374 eis

33 479 140 548 erarem
156 469 289 553 redigere
305 463 444 546 studui,
465 461 538 534 dedi
555 477 607 528 me
626 461 667 528 td
689 465 936 548 excerpentem.

32 593 80 661 eu
102 587 209 657 omnia
236 583 298 650 fere
320 579 514 664 excerpenda
537 592 649 660 orante
680 579 728 644 nil
757 581 839 648 euim
868 601 937 653 nott

34 711 148 792 dignm
166 714 304 782 notatu,
324 697 373 766 rtil
388 713 455 766 uon
475 693 681 762 memorabile
697 693 878 770 videbatur.

63 827 202 893 Etrero
226 817 338 886 nesio
365 815 492 898 quidem
532 813 738 898 proficiebam
767 818 811 885 ed
836 836 946 902 prom·
1052 859 1056 868 ·

36 959 89 1015 um
112 938 356 1022 expeditamque
380 933 526 1040 locorum
555 945 781 1018 excerptorum
800 935 946 1005 recorda·

35 1058 137 1124 tionem
160 1069 193 1122 et
218 1051 415 1126 facultatem.
461 1050 562 1130 saepe
580 1047 676 1124 fiebat
695 1064 733 1116 ut
756 1048 791 1120 io
807 1050 943 1121 alteriue

42 1171 183 1238 inciderem
217 1167 398 1248 scriptoris
429 1164 561 1245 locum,
592 1165 725 1246 dequo
764 1165 945 1240 dubitarem

43 1301 139 1354 me
175 1285 215 1351 ed
245 1281 453 1358 Plutarchum
489 1277 703 1354 referenduee.
724 1296 800 1363 ergo
833 1282 948 1354 notavi

42 1419 111 1468 etur
133 1415 165 1468 et
190 1397 304 1469 notavi
328 1397 393 1464 fere
417 1397 549 1478 omniu,
571 1413 612 1462 ne
635 1395 716 1478 quid
738 1399 843 1481 perire
865 1401 951 1466 sine.

39 1535 96 1590 rto.
144 1517 247 1600 Saepe
269 1515 345 1580 itero
373 1511 470 1580 fiebat
503 1526 539 1578 ut
570 1530 636 1578 rem
661 1511 880 1588 dictionemue
911 1515 949 1582 in

39 1645 170 1714 excerpta
194 1631 321 1702 relatam
348 1626 482 1711 reperire
507 1626 614 1701 denuo
644 1645 711 1694 non
735 1645 865 1712 possem
883 1629 951 1706 nisi

41 1743 233 1827 perornatis
250 1739 406 1808 omnibus
424 1729 649 1824 excerptorum
673 1742 827 1824 schedis,
849 1757 881 1808 et
900 1742 962 1812 in·'

42 1860 121 1946 egris
137 1873 372 1947 nonnunquam
389 1852 498 1930 libris,
522 1855 633 1930 Uoum
650 1858 714 1942 jum
730 1859 872 1927 restabat
888 1877 954 1926 roe·

42 1980 140 2046 moriae
161 1977 372 2059 rubridium,
396 1990 434 2042 ut
458 1995 585 2045 omnem
604 1978 824 2052 Plutarcheam
846 1999 952 2050 rerum

41 2097 260 2183 ruborumque
282 2093 445 2180 materiem
464 2093 575 2170 ordine
600 2095 763 2162 literatum
781 2097 954 2184 redigerem

44 2207 75 2276 in
90 2209 230 2293 lodices,
252 2209 293 2286 ad
320 2225 443 2291 eoeque
459 2207 619 2282 materiem
637 2227 810 2294 apparetur
825 2230 865 2280 ex
881 2213 955 2282 aliie

49 2323 247 2409 scriptoribus
264 2325 460 2408 collectum,
482 2339 726 2408 unoquemque
748 2327 824 2396 loco
851 2347 956 2401 unno-
1007 2331 1012 2352 ¹

49 2453 135 2513 utem.
176 2442 271 2524 Ergo
295 2441 360 2518 hoo
389 2437 463 2524 egi,
487 2453 519 2506 et
535 2435 674 2528 *confeci
696 2442 881 2524 complures
901 2443 958 2512 ln.

50 2554 119 2624 dicer
137 2573 261 2642 eosque
274 2554 478 2637 locupletet,
500 2553 557 2618 sed
583 2554 773 2636 praecipuos
798 2569 955 2638 quatuor.
973 2625 975 2630 ,

50 2669 154 2748 Primus
182 2687 233 2740 est
262 2669 437 2744 nominum
468 2667 703 2750 verborumque
732 2667 957 2744 Graecoruma

52 2792 113 2859 uter
133 2785 383 2876 grammaticus,
407 2762 583 2852 formarum
598 2784 878 2861 constructionis:
897 2798 961 2848 ter·

54 2906 102 2980 iim
114 2913 293 2986 tinctores,
315 2921 491 2985 eorumque
518 2904 638 2982 locos,
659 2899 868 2974 aPlutaroho
894 2916 961 2965 me·
1019 2969 1027 2978 ,

56 3041 174 3092 moratos
196 3021 445 3109 complectiture
477 3031 612 3114 quartus
633 3029 683 3082 est
716 3033 820 3082 rerum
848 3031 879 3080 et
901 3018 961 3082 ho-

61 3137 168 3210 u'mum.
212 3137 297 3206 Nam
322 3136 447 3204 lodices
475 3136 563 3215 duo,
587 3131 644 3214 qui
669 3145 797 3202 exstant
825 3130 859 3204 in
884 3131 963 3198 Edi-

66 3253 127 3330 itote
143 3249 414 3330 Graeco-laetior
437 3265 470 3332 et
494 3251 588 3334 aliis;
612 3250 822 3320 attererem
848 3267 880 3318 et
904 3254 964 3320 ho·

71 3367 185 3454 ulrum
217 3347 299 3436 alter
322 3367 529 3450 Auctorem,
555 3367 651 3450 itque
688 3365 740 3440 bis
766 3368 920 3452 repetitus
945 3389 965 3434 a

73 3476 195 3554 luecio
209 3487 243 3566 in
263 3483 464 3562 Bibliotheca
481 3482 622 3565 Graeca,
644 3485 753 3558 altero
765 3482 892 3565 quidem
919 3483 970 3549 lo·

66 3613 97 3669 to
112 3619 237 3684 novus,
258 3614 308 3682 *ut
333 3600 401 3682 ait,
435 3615 466 3670 et
491 3599 708 3684 locupletiore
738 3599 773 3674 hi
799 3600 899 3688 igitur
923 3599 972 3673 nu
1079 3669 1081 3676 ,

67 3727 137 3782 mot
160 3717 200 3782 td
228 3731 297 3784 erm
326 3734 422 3798 quam
454 3735 515 3802 ego
542 3715 726 3800 spectabam
753 3719 909 3788 rationem
940 3729 973 3792 et

66 3828 199 3914 rupuar
229 3829 277 3906 sic
299 3833 474 3924 composui
500 3849 611 3915 meos,
637 3851 674 3898 ac
707 3834 735 3900 si
768 3835 817 3912 illi
841 3835 977 3904 omnino

913 3967 985 4028 uolt
