2438 4718
69 291 72 300 '
184 445 189 456 ι
233 346 289 450 ΙΝ
315 343 587 434 PLUTARCHI
614 341 837 421 MORALIA.
932 369 1004 444 u59

80 541 198 613 ‘fecisse
223 541 319 608 etiam
343 539 373 606 si
398 536 462 619 iia,
484 533 604 620 quibus
627 535 709 601 bene
732 533 833 618 fecit,
866 536 1002 624 ignortra

86 661 304 740 occultusque
325 667 471 736 maneat,
493 668 597 717 tamen
623 651 881 736 aliorumgratia
901 660 1004 742 tangi·
1054 647 1056 650 ’

87 787 162 854 tur;
185 789 349 855 propterea
376 770 463 854 quod
489 767 595 834 virtus
616 767 651 834 in
669 745 879 835 beneficentia
898 770 1007 837 tonsi·

87 889 171 969 stit,
193 890 286 973 cujus
302 887 434 956 effectus
450 897 500 951 cst
520 885 639 970 gratia:
663 883 799 968 quodsi
822 905 922 970 porro
939 904 1010 972 gra·

91 1001 154 1067 tiae
171 1000 300 1071 effectus
324 1015 472 1069 constare
487 1000 627 1082 nequit,
648 1000 711 1066 nisi
730 1013 895 1070 auctorem
916 1002 1013 1072 bene·

90 1107 157 1183 ficii
174 1133 407 1202 cognoscamus
432 1129 464 1181 ct
491 1131 723 1198 agnoscamus,
746 1133 847 1200 eaque
861 1117 1012 1204 cognitio

88 1249 121 1298 ct
141 1232 261 1317 agnitio
279 1233 404 1300 animos
426 1247 458 1298 et
480 1231 586 1298 dantis
602 1246 635 1297 et
654 1233 876 1315 accipientium
894 1217 1010 1302 mutuo

86 1345 321 1430 benevolentiae
349 1367 447 1417 sensu
473 1363 505 1415 et
535 1349 700 1415 charitatis
724 1349 858 1416 vinculo
890 1371 1011 1418 conso·

78 1464 168 1546 ciat,
192 1483 298 1548 eoque
312 1483 412 1533 seusu
427 1463 625 1549 vincutoque
639 1465 746 1533 virtus
765 1483 842 1532 cum
861 1470 1029 1564 voluptag

81 1592 114 1645 te
138 1577 358 1663 conciliatur,
381 1596 414 1647 et
437 1581 611 1663 utriusque
634 1582 886 1650 humanissimus
911 1581 1016 1651 cerni-¹

81 1711 141 1766 tur
174 1693 324 1764 fructust
358 1697 459 1783 igitur
480 1697 510 1764 si
535 1698 569 1764 in
593 1697 735 1781 sapiente
763 1699 827 1766 hoc
847 1700 1015 1784 laudatur,

81 1813 255 1895 quomodo
272 1812 307 1880 in
324 1811 568 1896 scriptoribus,
593 1813 652 1895 qui
671 1831 738 1880 non
756 1813 935 1896 sapientes,
958 1814 1017 1882 sed

82 1941 194 1996 tamen
216 1925 393 2012 sapientiae
407 1925 599 2010 studiosos,
621 1945 656 1992 se
674 1925 887 2009 profitentur,
903 1945 1015 2011 *repre-

79 2046 267 2126 hendatur,
290 2044 319 2110 si
347 2043 535 2124 hominum,
557 2058 643 2110 certe
669 2027 935 2129 intelligentium,
959 2062 1016 2110 co·

83 2161 255 2248 gnicione,
278 2157 538 2242 existimatione,
560 2161 674 2241 laude,
697 2162 818 2244 gratia,
842 2175 1012 2229 moventur

85 2291 182 2362 atque
196 2275 411 2344 afficiuntur?
442 2275 504 2343 Sed
521 2277 597 2343 haec
615 2267 815 2362 Scriptorum
834 2279 1012 2362 voluntas,

84 2397 144 2464 iroc
158 2413 278 2466 corum
310 2393 345 2462 in
376 2412 457 2461 suos
474 2393 606 2477 foetus,
630 2407 666 2458 ut
686 2409 852 2478 parentum
880 2396 914 2462 in
934 2395 1017 2460 libe·

79 2533 155 2600 ros,
174 2516 255 2602 jus,
279 2511 349 2577 ‘iric
378 2509 524 2578 beneficii
557 2512 737 2596 gratiaeque
769 2511 920 2593 fructus,
951 2527 1020 2592 qua

79 2629 196 2714 pictate
209 2629 272 2698 bis
292 2626 493 2710 temporibus
513 2629 766 2709 colatur,iaterc
785 2643 897 2712 potest
915 2623 1019 2694 nemi·

82 2765 170 2830 nent,
188 2744 248 2829 qui
276 2739 437 2810 editiones
454 2739 663 2822 antiquorum
685 2743 866 2806 Auctorum
887 2740 921 2805 in
937 2737 1021 2804 Ger·

84 2861 185 2930 mania
209 2855 405 2945 pracsertim
431 2851 537 2920 factas
556 2828 752 2918 tractaverit.
797 2855 899 2918 Antea
918 2866 1017 2920 suum

84 2973 199 3059 cuique
213 2971 448 3049 tribuebatur,
472 2965 526 3032 sui
550 2960 712 3051 cujusque
733 2961 823 3032 firma
840 2981 1022 3049 sanctaque

84 3085 154 3156 erat'
173 3085 374 3176 possessiot
406 3079 656 3148 serenantem
694 3078 806 3162 primis
835 3081 1017 3166 editiones,

81 3205 128 3272 uti
151 3207 385 3283 vocabantur,
406 3221 479 3266 cum
507 3203 591 3265 notis
613 3189 807 3279 uariorum,
839 3197 1017 3292 inquibus

82 3319 140 3387 sub
167 3319 224 3388 sui
253 3315 404 3386 auctoris
433 3313 565 3382 nomine
589 3314 723 3397 quaevis
749 3327 827 3380 nota
852 3315 1017 3384 exstabatt

79 3437 274 3524 hujusmodi
296 3433 474 3501 editionum
495 3417 777 3533 feracissima‘fuit
804 3427 933 3498 Batavis
959 3451 1020 3499 no·

81 3569 166 3622 strar
185 3555 296 3639 hujus
316 3551 421 3617 eadem
439 3547 608 3631 religionis
622 3544 828 3614 tenacissima
843 3546 1017 3616 etiamnum

80 3685 139 3742 cst.
186 3675 237 3737 At
258 3685 350 3736 nota
371 3681 459 3734 secta
484 3664 633 3746 exstitit,
656 3663 749 3745 piane
767 3663 822 3732 iila
841 3683 879 3754 ert
904 3683 1018 3752 genere

82 3789 320 3869 graculorum:
341 3781 397 3864 qui
415 3795 510 3849 vetus
535 3781 617 3846 iliud
635 3797 751 3846 nomen
770 3783 964 3864 uariorum,
987 3793 1019 3844 et

80 3919 154 3972 eum
171 3901 317 3974 nomint
331 3897 518 3986 religionem
545 3895 703 3981 riderent3
727 3911 763 3962 ut
780 3897 934 3965 nimitum
952 3891 1020 3972 ipsi

390 4029 394 4038 ’
960 4019 1023 4074 nu·
