2438 4718
149 311 211 391 ‘tta
238 313 511 394 ramaneat
540 315 767 390 uoannrn.
815 305 821 316 ·
869 347 938 420 455

12 523 85 598 quas
107 507 411 578 Animadversionis
434 508 595 594 cujusque
617 522 839 593 argumentum
870 533 930 598 po·

14 630 125 696 atulare
144 625 323 694 videbitur.

48 743 118 812 llac
136 743 215 812 item
242 759 301 828 spe
321 739 447 824 fretus,
479 755 547 806 non
573 738 687 808 laboro
708 740 749 806 de
777 745 929 826 graculis.

11 855 135 924 Horum
154 869 207 924 cst
223 856 339 938 duplex
358 871 473 956 genus.
518 853 587 921 Alii
603 855 638 920 in
655 873 778 923 mores
797 871 829 924 et
845 880 940 944 prae·

10 975 180 1042 termissos
203 974 294 1040 ineos
318 971 488 1039 involantt
511 969 566 1037 alii
583 969 616 1038 in
633 985 716 1038 recte
730 989 871 1058 vereque
885 977 936 1044 cli·

12 1105 73 1158 eta.
120 1089 170 1156 De
184 1087 248 1154 illis
267 1104 366 1172 supra
391 1086 481 1154 dixit
504 1087 545 1153 de
565 1085 620 1152 laia
644 1105 730 1154 nunc
747 1089 932 1163 dicendum.

10 1205 56 1274 Et
76 1221 153 1272 uero
170 1206 264 1288 plane
280 1218 360 1271 sunt
378 1203 520 1286 germani
543 1203 668 1286 posteri
682 1204 769 1272 illius
786 1209 820 1274 ln
836 1207 934 1276 fabu-

10 1317 39 1384 la
57 1318 197 1404 graculi,
220 1318 280 1404 qui
297 1316 454 1386 assumtis
469 1316 603 1383 aliarum
619 1317 728 1382 avium
746 1319 859 1401 pennis
876 1340 933 1387 au·

15 1430 191 1514 perbiebata
216 1429 405 1514 frequentes
423 1430 471 1496 illi
488 1430 522 1498 in
538 1448 651 1514 genere
676 1451 748 1498 cum
769 1432 937 1520 Bibliopo-

17 1551 111 1618 larum
129 1563 202 1618 tum
218 1549 421 1632 Scriptorum
435 1567 446 1615 a
463 1551 549 1632 apud
568 1569 674 1633 quos,
696 1565 732 1616 ut
749 1565 827 1618 sunt
842 1571 936 1620 sccu-

18 1663 37 1728 li
57 1683 164 1732 mores
176 1696 200 1745 ,»
212 1661 313 1750 plagii
341 1677 495 1746 quaestus
517 1681 584 1730 non
603 1666 703 1748 magis
720 1667 825 1749 turpis
841 1667 939 1736 habe·

20 1789 86 1861 tur,
112 1793 210 1862 quam
239 1776 379 1844 heroicis
402 1777 603 1860 temporibus
629 1779 794 1863 piraticam
814 1781 941 1850 factita-

22 1913 58 1962 re.
104 1897 237 1977 Atque,
264 1903 300 1960 ut
325 1906 404 1959 tunc
427 1893 497 1960 sine
522 1893 735 1960 contumeliae
755 1895 941 1980 suspicione

23 2010 202 2098 pnegrinos
220 2013 358 2080 adverus
377 2011 615 2095 interrogabant
630 2029 671 2080 an
687 2027 793 2080 essem
815 2021 940 2095 anirnl-

23 2153 61 2210 μς
84 2129 185 2214 (*),
217 2125 263 2194 ita
285 2143 374 2192 nunc
405 2125 476 2191 aine
498 2125 690 2208 ignominiae
713 2141 790 2193 nota
816 2110 941 2211 quaeri·
1038 2177 1041 2184 ·

25 2261 92 2308 mus
109 2257 139 2309 rt
162 2261 333 2310 narramus
361 2241 401 2308 de
419 2241 642 2325 Scriptoribus
664 2257 695 2308 et
721 2241 938 2330 Bibliopolis‚

24 2371 124 2422 utrum
144 2377 205 2426 sua
230 2355 412 2440 maliana,
433 2357 468 2425 id
489 2373 539 2424 est
560 2354 649 2426 furto
670 2373 834 2444 surrepta,
858 2379 937 2430 ven.

26 2471 112 2540 dante
143 2491 214 2540 non
238 2473 286 2540 illi
319 2475 446 2556 quidem
479 2479 586 2562 pugil
610 2477 807 2560 magilperti,
837 2481 939 2550 vitam
1049 2563 1052 2570 ,

29 2591 259 2675 periclitantes,
273 2593 338 2660 aeri
361 2594 477 2662 bonam
505 2594 770 2680 existimationem
786 2595 941 2680 abjicien-

28 2719 81 2774 taa.
120 2709 162 2777 Et
178 2726 290 2776 cannen
306 2712 410 2778 neutri
427 2711 607 2791 rationem,
629 2729 745 2792 quase
766 2707 941 2794 tueantur,

28 2823 86 2889 sibi
99 2825 211 2892 deesse
225 2837 353 2907 putant.
383 2821 566 2904 Bibliopnla
579 2820 767 2904 profitetur,
783 2841 819 2886 se
836 2842 943 2890 mem·

30 2940 81 3020 pla
93 2937 166 3008 boni
177 2939 257 3010 libri
269 2939 641 3024 frequentare,ejusque
657 2937 799 3004 fructum
815 2943 853 3007 ad
868 2941 945 3026 plu·

31 3055 105 3122 rium
119 3057 287 3128 lominum
307 3074 402 3124 usum
419 3072 607 3139 propagare.
629 3053 830 3141 Scriptores,
848 3059 944 3142 quip·

33 3187 69 3250 pe
81 3189 149 3238 cunr
167 3176 263 3238 luero
276 3171 372 3236 etiam
390 3165 557 3255 gloriolam
585 3182 829 3252 consectantes,
850 3170 946 3237 dicti·

33 3295 96 3350 tant
114 3304 149 3352 ae
162 3286 240 3354 libri
262 3287 445 3366 materiam,
467 3284 585 3350 bonam
607 3283 735 3364 quidem
753 3283 861 3367 illam,
886 3286 943 3352 sen

35 3401 132 3468 rudem
150 3421 183 3471 et
199 3403 415 3489 indigestam,
436 3402 560 3488 judicio
572 3401 792 3486 elegantiaque
808 3403 948 3486 digerere

35 3519 332 3588 etadconrmunem
358 3533 490 3604 captum
517 3537 554 3586 ac
582 3517 745 3602 publicam
773 3520 944 3589 utilitatem

36 3633 237 3706 confnrnare.
271 3636 386 3723 Itaque
404 3636 549 3706 bifariam
566 3635 604 3703 fit
624 3637 698 3704 lraec
723 3637 877 3707 librorum
898 3657 947 3706 re·

896 3773 953 3840 ne·

70 3899 135 3986 (³)
150 3911 274 3972 Homer.
293 3908 351 3974 oa
368 3910 413 3990 ‚a
431 3927 478 3988 7³·
498 3913 519 3971 t.
539 3925 602 3987 254.
622 3907 784 3986 sttueyua.
804 3905 839 3979 1,
856 3922 887 3982 ς.

410 4017 436 4088 F
447 4015 466 4086 f
491 4037 513 4101 4
