2572 4710
250 273 313 356 13⁶
387 266 463 372 oa
502 265 673 338 outtu
716 264 1040 344 auamauut.

250 455 360 536 diique
382 450 435 522 aui
452 470 547 538 opera
567 449 687 518 dudum
711 451 824 520 affecta
850 453 1002 538 perficere
1022 453 1181 522 institue-

248 573 317 646 bat,
361 569 482 642 Verum
502 568 609 642 ommia
626 570 700 656 ejus
714 571 870 652 consilia,
883 589 1085 660 omnemque
1097 571 1181 640 ami.

248 705 362 760 eorum
389 705 476 770 spem
505 687 678 768 praevertit
703 687 869 772 repentina
895 687 1086 772 apoplexis,
1111 705 1181 769 qua

248 806 413 872 extinctus
439 815 489 869 eat
512 819 544 866 a.
561 801 594 869 d.
612 820 654 883 ⁹4
669 799 780 887 Junii‚
803 821 877 868 eum
897 817 992 872 natus
1011 817 1096 870 esset
1118 822 1179 870 an·

250 935 313 984 uos
341 913 505 998 sexaginta
531 928 563 980 et
589 930 748 997 quatuor,
781 935 904 1000 menses
927 931 1019 986 octo.
1065 918 1174 1003 Cujus

251 1031 362 1130 abitus
393 1049 468 1098 cum
500 1031 611 1100 multis
633 1031 835 1102 nominibus
860 1033 976 1100 flebilia
1002 1033 1047 1100 sit
1075 1051 1176 1115 atque

247 1149 412 1230 acerbus,
444 1158 515 1214 tum
553 1145 640 1214 haud
678 1147 809 1220 minime
837 1149 1012 1220 litteratum
1041 1167 1174 1222 caussa.

248 1264 330 1352 Erat
349 1263 521 1343 hueusque
536 1261 571 1326 itt
587 1262 756 1346 Propertio
774 1279 973 1348 occupatum
995 1265 1091 1349 cujus
1106 1267 1176 1332 edi·

248 1375 368 1442 tionem
387 1374 534 1459 quotidie
548 1359 706 1460 urgebat,⁴
723 1392 755 1450 et
768 1380 834 1464 J’am
850 1379 1084 1452 addimidium'
1094 1400 1174 1465 pro·
1244 1379 1248 1385 ’

206 1568 207 1576 ¹
247 1496 402 1566 duxerant
428 1493 736 1578 chalcographotum
762 1514 898 1584 opemea
929 1497 992 1562 hoa
1019 1497 1176 1564 absoluto

247 1609 337 1676 aliud
361 1607 546 1692 cogitabat,
576 1607 728 1692 aliudque
758 1611 908 1695 deinceps
939 1610 1178 1695 prospiciebat.

247 1723 397 1821 Habebat
423 1722 505 1799 enim
529 1741 603 1811 eum
632 1723 703 1808 ipse
724 1727 891 1798 maximam
920 1726 1084 1796 doctrinae
1115 1745 1177 1794 cos·

247 1852 358 1938 piam,
380 1859 449 1914 tum
476 1865 551 1913 veto
570 1846 739 1916 litteratam
758 1849 990 1930 supellectilem
1017 1866 1057 1922 ex
1080 1847 1174 1914 libris

247 1960 392 2034 vitorum
417 1959 589 2028 doctorum
607 1959 736 2028 ineditis
761 1976 904 2043 tantam,
927 1975 1077 2046 quantam
1104 1963 1174 2045 pti·

130 2124 134 2140 ,
248 2093 394 2144 vatorum
426 2073 553 2157 quidem
588 2074 756 2166 hominum
786 2075 872 2146 haud
905 2075 975 2142 scio
1001 2095 1042 2147 att
1074 2093 1171 2146 aemo

247 2193 399 2274 uniquam
423 2189 586 2257 habuerit.
629 2193 679 2264 Aa
703 2192 742 2262 de
762 2190 930 2274 Propertio
952 2191 1081 2272 quidem
1103 2209 1172 2267 ete·

248 2311 354 2380 fflmus
386 2326 456 2377 esse
479 2309 600 2377 salvam
629 2326 715 2389 tem,
747 2325 851 2388 neque
876 2307 1064 2376 dubitamus
1088 2307 1171 2390 quia

246 2429 317 2516 eius
337 2424 456 2506 editio,
480 2424 541 2498 viri
560 2424 698 2510 alicujus
713 2423 801 2498 doeti
817 2439 930 2506 opera,
953 2421 1044 2494 brevi
1061 2423 1170 2516 absol·

247 2545 282 2620 ei
307 2556 411 2638 queat.
462 2539 599 2622 Reliqua
624 2539 811 2611 ineditarum
834 2537 1050 2620 scriptionum
1077 2540 1169 2608 ache-

247 2664 423 2752 datumque
439 2657 584 2742 supellex
599 2673 639 2726 tae
657 2655 689 2730 iu
708 2654 870 2738 imperitas
891 2673 1005 2724 manus
1022 2655 1167 2741 incidat,

246 2765 344 2862 mque
357 2781 416 2850 hac
431 2777 609 2846 calamitate
627 2777 720 2850 etiam
740 2789 894 2862 augeatur
905 2776 1058 2842 mutuum
1076 2774 1167 2858 quod

246 2897 368 2968 litterae
393 2909 493 2961 morte
518 2891 694 2962 Burmanni
716 2891 880 2974 iecerunt,
904 2891 937 2958 id
961 2911 1037 2959 varo
1055 2909 1096 2960 ne
1110 2891 1167 2964 fiat

245 3015 444 3091 vehementer
466 3021 628 3100 optamus.
673 3011 738 3086 do·
759 3003 1091 3084 Muccuxxvul..
