2508 4712
271 327 341 416 8η
436 328 570 402 vtro
605 329 651 401 D.
689 327 1034 412 ttttttttttumt.

272 516 351 586 riam
368 515 482 584 nouit:
504 535 563 582 uec
581 515 739 599 diffiteor,
763 537 813 586 me
836 539 875 587 err
898 519 968 604 ejus
992 517 1192 588 institutione

273 633 413 702 turritum
433 631 621 714 profecisse.
666 629 710 705 R.
734 633 824 724 Quid
841 653 918 718 ergo
937 633 1099 708 didicistii
1120 653 1194 702 nar«

272 769 321 826 ra.
363 749 401 818 P.
426 747 562 817 Omnem
590 749 783 820 Historiam.
835 753 878 822 it
904 751 995 840 Quid
1019 767 1070 824 est
1095 752 1194 820 otonis

274 865 446 934 Historia?
468 885 509 936 an
527 886 603 938 vero
629 869 781 954 magistra
804 883 837 936 te
855 869 968 936 docuit
993 887 1122 940 omnum
1141 869 1195 934 Hi·

277 980 430 1063 storiam,
462 999 521 1054 neo
549 995 654 1052 tumen
680 982 759 1068 quid
785 1001 871 1052 esset
896 986 1001 1054 omnis
1028 979 1194 1055 Historia?

278 1091 314 1162 P.
342 1092 389 1160 Ita
411 1091 512 1178 fecit;
536 1114 609 1164 uam
626 1113 675 1164 est
691 1099 854 1181 perdocta.
899 1097 944 1168 R.
968 1095 1054 1173 Nou
1066 1099 1199 1179 dubito,

278 1208 359 1292 quin
380 1209 452 1294 jure
475 1229 541 1276 eam
570 1212 675 1304 utugui
708 1211 828 1280 fatiast
862 1214 919 1280 sed
943 1212 1054 1296 cogita
1078 1228 1201 1292 tecum,

279 1319 442 1404 quidhoc
464 1323 530 1406 sit,
553 1327 659 1400 omnis
687 1323 845 1406 Historia.
890 1327 929 1394 P.
956 1325 1072 1394 Omnis
1089 1327 1202 1394 Hisro·

279 1438 358 1514 tia?
388 1437 465 1505 haec
493 1455 607 1506 est-
632 1461 667 1508 oa
702 1459 784 1524 quas
811 1443 846 1519 iu
873 1442 967 1512 libris
993 1457 1037 1510 est
1061 1443 1201 1524 prodita,

284 1553 328 1624 tt.
354 1555 407 1628 Ειι
429 1553 490 1622 tibi
507 1557 569 1624 hoo
594 1558 670 1626 ioco
685 1558 811 1641 libros,
835 1577 920 1642 quos
939 1559 1062 1639 habeo,
1081 1559 1204 1626 multos

284 1674 324 1744 de
352 1673 528 1756 Historia,
559 1673 790 1760 Herodotum,
820 1673 986 1756 Livium,
1028 1672 1205 1760 Tacitum,

284 1788 387 1866 aiiost
420 1789 509 1857 nosti
533 1805 618 1868 terte
642 1792 888 1871 husfructoret,
941 1790 980 1858 Ρ.
1009 1789 1092 1858 Νοιι
1114 1793 1205 1871 nori,

289 1907 345 1982 sed
367 1925 418 1982 ros
443 1905 530 1990 ipsas
557 1905 647 1988 uovi,
694 1905 737 2004 R,
755 1904 884 1984 Credoa
906 1903 963 1978 sed
980 1921 1086 1979 tamen
1101 1905 1140 1982 ab
1159 1905 1206 1970 iila

285 2021 573 2104 omui‘Historia,
612 2041 708 2106 quam
735 2036 846 2102 tenes,
878 2019 986 2105 primo
1020 2021 1207 2103 excipiamus

293 2140 535 2210 Historitoruto
562 2137 799 2222 uognitionotur
826 2137 881 2208 sod
907 2135 1046 2214 fortasse
1066 2137 1210 2218 magistra

222 2231 225 2252 ’
295 2257 358 2325 tibi
373 2273 428 2324 tua
445 2256 606 2338 uamvit,
626 2256 701 2338 quis
718 2253 814 2322 fuerit
832 2255 1017 2334 Homerus,
1034 2249 1207 2332 Hesiodus,

296 2367 415 2451 Plato,
438 2372 559 2451 aliique
575 2367 767 2451 Philosophi
786 2381 817 2440 et
833 2367 962 2463 Poetae,
1007 2367 1047 2450 P,
1066 2368 1145 2438 Non
1160 2389 1208 2452 pu·

298 2498 357 2566 to;
388 2503 483 2568 uam,
515 2485 544 2560 si
572 2499 753 2566 narrasset,
785 2481 1016 2564 meminissem,
1063 2483 1110 2566 R,
1130 2485 1205 2566 Ergo

288 2599 374 2675 item
400 2599 441 2672 de
463 2601 522 2666 hac
549 2600 639 2668 omui
666 2598 836 2681 Historia,
867 2619 962 2683 quarn
996 2603 1112 2687 nosti,
1142 2603 1209 2671 exui·

299 2715 427 2801 piamus
461 2714 640 2796 Historiam
669 2715 844 2784 Poitaruut·
869 2730 902 2780 et
933 2715 1207 2802 Philosophorum,

300 2832 338 2910 t.
361 2831 465 2902 Modo
484 2831 576 2916 diri,
600 2849 650 2910 tus
664 2849 730 2909 uon
748 2830 834 2912 ista,
855 2831 911 2894 sed
934 2847 985 2894 res
1010 2830 1124 2915 ipsas,
1145 2834 1210 2898 didi·

301 2947 399 3028 cisse,
443 2945 487 3028 R,
516 2945 579 3014 Sed
603 2949 691 3026 isto,
717 2963 798 3026 quae
823 2959 859 3016 tu
881 2961 1005 3026 vocas,
1030 2945 1210 3018 sunthoru-

302 3083 383 3146 nesa
408 3079 445 3130 tu
460 3081 536 3150 ergo
549 3081 675 3147 rerum,
697 3080 765 3130 non
782 3060 859 3140 itetrt¹
874 3059 1044 3136 hominurn
1062 3064 1210 3166 foguirio

302 3199 373 3262 uero
391 3180 590 3265 peroepistis·
604 3179 704 3260 veluti
722 3163 865 3246 didicisti
886 3177 996 3255 urbem
1009 3179 1147 3260 ,Romam
1166 3199 1210 3246 os·

305 3295 549 3378 reconditam,
572 3297 629 3365 sed
656 3295 820 3364 sonitem
844 3295 862 3370 i
882 3294 1003 3378 quibus
1028 3297 1211 3364 homiuibus.

205 3465 211 3486 .
305 3412 344 3498 P.
367 3413 468 3492 Recto„
494 3431 628 3495 mortes,
651 3410 753 3480 reete!
773 3409 882 3477 *Roma
907 3412 1038 3478 condita
1061 3415 1146 3488 esti
1163 3415 1213 3480 Ro·

308 3534 400 3600 ruulo
423 3545 456 3598 et
485 3527 612 3612 Remo,
642 3519 798 3604 frutribus
826 3525 985 3610 geminis,
1015 3528 1094 3596 filiis
1123 3529 1213 3594 Rheae

287 3643 441 3728 triviae
463 3660 493 3712 et
507 3646 648 3727 Martis,
665 3665 751 3731 quos
768 3661 875 3712 recens
893 3657 988 3712 natos
1003 3643 1156 3726 Amulius
1171 3657 1211 3710 reu·

284 3763 482 3844 ‚exposuiu
502 3767 559 3832 sed
576 3767 652 3846 iupa
669 3765 750 3830 lacte
767 3781 828 3838 suo
849 3762 1005 3844 nutrivit,
1028 3783 1104 3828 mox
1122 3774 1212 3845 pastor

284 3877 446 3958 -tuttulit
463 3895 495 3960 st
506 3881 666 3964 edocuit.
688 3897 732 3946 -12
752 3877 796 3955 R..
813 3878 880 3958 lau
897 3880 1000 3962 sotis,
1022 3883 1043 3948 ὁ
1060 3879 1165 3960 ture,
1179 3873 1215 3938 u·

345 4037 355 4047 ..
1176 4005 1234 4072 ξι·1
