2438 4718
213 309 229 354 r
271 297 340 382 ψ
410 275 592 362 nisuve.
613 281 676 360 DE
697 275 916 360 AUCTORE
934 279 1048 362 lilim
1077 287 1082 346 ἶ
1183 337 1184 390 i

277 487 345 556 >asir
364 473 419 548 soi
444 477 491 560 tel
519 477 624 564 Φιλεῒν
655 479 752 548 eletas
777 477 932 560 mlum,
960 476 1094 564 deamo
1108 475 1153 546 ue
1183 489 1184 577 i

278 597 402 666 dictum
427 591 572 685 exemplo
601 586 778 663 dilucidius
794 593 934 679 faciam.
975 593 1079 664 Neutra
1097 616 1151 665 sen·

277 712 378 782 tentis
409 730 484 780 cum
519 725 605 777 recta
640 709 858 778 Grammatica
890 710 1004 776 ratione
1030 711 1151 778 conruit

276 831 400 910 Porro,
429 825 511 910 quid
536 839 585 892 eet
607 830 651 914 τῦ
675 831 929 912 remisissem
961 827 1031 910 quid
1050 838 1090 892 est
1105 825 1150 912 τῷί

277 961 351 1016 nam
376 941 537 1010 articulus
565 943 662 1011 habet
689 943 951 1028 significationem
972 957 1059 1010 certae
1072 946 1152 1028 cuius·

276 1063 348 1132 &m
374 1060 417 1130 rei
435 1075 470 1128 ct
497 1061 594 1142 quasi
613 1061 941 1146 demonstretionem,
960 1062 1010 1127 doc
1030 1057 1150 1145 comple

279 1175 443 1262 quoduam
461 1188 514 1241 est
537 1173 601 1241 hoc
620 1175 828 1258 exemplum?
848 1193 904 1244 aur
926 1175 954 1243 si
969 1174 1069 1244 omisso
1085 1173 1152 1238 etiam

276 1291 416 1363 articulo
438 1290 636 1375 accipiamus
658 1293 799 1380 exemplo
817 1295 976 1373 universe,
994 1291 1021 1356 id
1039 1303 1083 1356 cst
1096 1309 1153 1376 qao·

276 1406 354 1476 dam
381 1406 547 1492 exemplo,
569 1405 677 1472 denuo
700 1407 868 1492 interrogo
888 1408 1025 1492 quodnam
1038 1403 1074 1469 sit
1087 1399 1155 1467 illud

276 1521 439 1610 quoddam
463 1519 677 1604 exemplum?
721 1526 775 1590 An
803 1537 856 1588 est
884 1523 965 1590 illud
980 1522 1008 1587 in
1026 1515 1153 1602 sequenti·

274 1636 369 1704 tibus
394 1633 564 1718 positum,
587 1649 626 1701 ui
642 1639 757 1726 stirpes
776 1635 985 1710 mediocribus
1000 1637 1069 1722 aquis
1081 1631 1154 1696 eiua·

272 1762 357 1833 tur,
370 1727 622 1818 'abondantibus
638 1747 869 1836 suffocamur,·
890 1755 941 1818 ito
956 1755 1063 1820 ammas
1077 1743 1153 1814 mode·

272 1866 361 1932 rasis
392 1865 508 1954 crescit
540 1862 735 1948 laboribus,
777 1867 888 1932 nimiis
920 1865 1077 1932 obruituri
1119 1859 1152 1925 At

273 1975 361 2060 hoc,
391 1977 556 2064 interjecta
586 1980 711 2048 demum
736 1981 798 2048 alia
822 1963 984 2064 dictione,
1003 1971 1149 2063 subjicitur3

272 2107 313 2160 nt
331 2091 439 2160 minus
455 2091 689 2178 probabiliter,
711 2093 930 2164 Grammatica
954 2094 1067 2180 quidem
1082 2087 1149 2154 ratio·

269 2223 335 2289 me,
362 2225 424 2289 pro
446 2225 485 2274 eo
513 2210 623 2290 possit
649 2209 752 2294 accipi
778 2215 926 2295 exemplo
952 2211 1033 2293 quod
1051 2205 1151 2284 scriptor

271 2321 449 2403 spectavit,
480 2319 605 2390 Deinde
623 2323 685 2389 alla
703 2325 797 2392 etism
814 2342 1021 2410 apponuntur
1033 2317 1150 2400 erenplaa

269 2450 310 2504 ut
340 2433 466 2524 potius
491 2446 556 2514 soie
595 2441 827 2524 sepultionem
872 2442 1034 2508 dicendum
1058 2433 1150 2501 inisset

269 2550 378 2640 Quam
407 2547 639 2618 correctionem
662 2553 787 2620 etiamsi
810 2553 935 2638 iacias,
958 2557 1078 2636 reliquas
1098 2543 1151 2612 did·

179 2691 182 2699 ¹
270 2667 410 2734 cultatcs
430 2681 498 2732 non
517 2665 629 2734 tollas.
673 2667 765 2736 Adeo
782 2679 893 2737 totum
912 2671 1016 2738 locum
1034 2661 1152 2736 tenerius

269 2763 303 2850 ct
324 2784 441 2863 moola
463 2779 651 2864 occupavit.

313 2895 399 2964 Ibid.
426 2915 461 2980 p.
488 2913 524 2978 9.
551 2893 596 2962 D.
627 2893 824 2964 Memoriam
847 2917 1021 2988 puerorum
1044 2908 1152 2964 exerceo·

269 3009 348 3081 dom
367 3029 430 3077 esse
453 2995 633 3094 praecipit,
656 3029 719 3078 suo
741 3027 853 3097 more,
876 3015 910 3084 id
934 3031 982 3083 est
1003 3011 1152 3101 universeet

266 3105 346 3194 cum
366 3123 525 3192 rhetorica
550 3122 645 3206 quasi
672 3127 853 3195 laudatione
876 3131 983 3214 ipsius
1006 3119 1151 3194 memoritei

267 3257 308 3310 ut
324 3258 421 3310 verus
444 3236 639 3306 Plutarchus
665 3240 798 3308 omnino
824 3243 1036 3324 desideretur3
1055 3233 1101 3321 qui
1115 3247 1152 3298 vt·

265 3353 333 3424 tias
355 3353 494 3448 rationes
515 3355 704 3421 exercendae
728 3357 898 3426 memoriae
920 3353 1110 3426 recensuisset
1126 3359 1150 3408 tc

266 3467 499 3553 dijudicasset,
529 3487 677 3535 cascum
703 3469 849 3538 duxisset
874 3492 912 3540 ex
939 3472 1031 3541 animi
1050 3479 1151 3536 aarum

267 3593 339 3650 tum
357 3585 555 3653 illustrasset
570 3603 610 3652 err
629 3583 777 3652 lontibus
794 3587 1090 3672 Pythagoricorum,
1103 3570 1152 3646 Ad·

265 3698 414 3782 storeis,
436 3714 468 3767 et
487 3699 542 3768 illa
558 3696 645 3784 apud
668 3699 828 3768 Rhetores
851 3705 1030 3788 pervulgata
1049 3684 1152 3763 Simoni·
1183 3717 1184 3780 t

265 3810 319 3890 dis
347 3824 437 3898 arte,
459 3828 531 3885 tum
558 3813 616 3883 has
634 3814 773 3885 rationes
795 3829 827 3884 et
849 3834 1013 3906 praecepta
1029 3816 1064 3885 ad
1082 3803 1151 3880 nris
1183 3862 1184 3900 s

1118 3931 1150 3985 te
1183 3923 1184 3988 i

256 4022 338 4052 hh·
