2470 4724
82 224 153 427 Χ,
233 319 371 396 VITA
407 319 452 392 D.
491 319 836 402 RUHNKENH.
927 341 992 424 m

91 534 129 592 a,
154 509 237 593 qui,
259 509 300 577 ad
323 481 417 575 Suid.
434 503 478 574 ll.
506 523 542 590 p,
562 524 646 591 327,
667 524 735 576 non
757 509 985 592 postulandum

60 623 221 706 putabat,
244 635 281 687 ut
293 635 465 704 corruptas
482 635 513 687 et
539 622 658 696 laceras
678 633 821 696 ueterum
840 623 982 708 Scripto·
1106 711 1108 718 y

63 756 137 803 rum
163 735 316 818 reliquias
343 736 576 806 emendaremus
603 748 636 801 et
654 735 905 818 explicaremus,
926 759 986 822 pu.

66 864 205 932 tentque
227 849 261 922 in
286 849 328 920 iis
354 849 456 916 bonas
480 850 575 918 horas
602 868 668 925 uon
689 850 779 924 valde
805 849 884 916 bene
907 870 986 920 con,

64 965 176 1046 sumi,
197 983 269 1035 cum
293 982 350 1036 nec
370 962 544 1032 sententiae
569 981 663 1046 saepe
683 965 852 1032 admodum
871 965 991 1048 proba·

63 1077 151 1146 biles
179 1077 298 1160 insint,
321 1095 380 1152 noc
398 1082 495 1148 uerba
509 1077 627 1158 aliam,
650 1095 745 1160 quam
764 1081 922 1152 interdum
938 1099 989 1150 ra·
1051 1097 1054 1102 ¹

60 1193 193 1274 sitatis,
231 1195 538 1268 commendationem
568 1191 716 1274 habeant.
775 1193 883 1275 Atque
916 1196 990 1279 ipse

63 1325 135 1376 non
156 1307 271 1384 dubito
287 1307 406 1390 fateri,
428 1326 479 1378 me
503 1325 628 1391 semper
644 1305 796 1386 maluisse
820 1308 910 1378 libris
934 1329 991 1387 ve·

62 1435 167 1490 terum
197 1423 402 1507 Scriptorum
431 1422 563 1507 integris
590 1419 733 1506 legendis
759 1419 924 1504 ingenium
948 1425 988 1500 ad

64 1537 194 1621 copiam
214 1556 318 1604 rerum
339 1554 371 1604 et
389 1536 557 1608 verborum
576 1535 679 1618 alere,
701 1549 734 1600 et
749 1534 789 1603 ad
803 1535 990 1622 elegantiam

61 1652 233 1736 cogitandi
258 1671 295 1726 ac
321 1651 446 1724 dicendi
475 1667 586 1730 acuere
612 1667 648 1716 ac
676 1650 801 1733 polire,
833 1669 928 1733 quam
959 1652 993 1730 ia

62 1780 213 1850 vaurum
242 1781 274 1832 et
298 1765 452 1832 rariorum
470 1763 664 1845 verborum,
687 1777 724 1829 ut
742 1765 913 1848 Augustus
932 1784 991 1832 ro.-

62 1882 189 1964 cabat,
225 1877 408 1946 foetoribus
445 1878 591 1958 eruendis
623 1891 655 1948 et
686 1877 884 1960 nectendis,
916 1897 992 1956 cum

63 1993 294 2063 Grammaticis
306 1990 659 2075 veteribus,iogenium
677 2007 708 2060 et
728 2007 858 2078 tempus
871 2013 992 2078 meum,

62 2107 155 2190 quud
184 2107 231 2176 sic
260 2104 338 2182 satis
366 2107 538 2177 exercitum
564 2107 687 2190 habeo,
716 2107 867 2189 vexare’.
910 2111 990 2178 Elu·

64 2234 202 2302 quenter
233 2237 331 2301 sane,
360 2221 480 2304 partim
506 2222 701 2306 prudenter,
734 2224 849 2306 partim
875 2225 990 2302 callide

62 2351 123 2404 nec
149 2333 229 2406 satis
253 2351 347 2412 vere:
382 2333 591 2420 ignoscamus
614 2337 687 2405 viro
712 2337 899 2424 ceteroquin
925 2359 991 2418 ma·

66 2467 157 2533 gno,
178 2447 235 2530 qui
254 2445 457 2530 facultatem,
479 2469 574 2534 quem
603 2450 668 2526 sibi
695 2437 802 2532 deesse
829 2453 986 2540 sentiret,

66 2561 245 2646 argutaodn
262 2563 382 2630 elevare
405 2564 539 2644 maluita
564 2579 595 2644 et
613 2563 798 2646 Ruhnkenii
821 2588 871 2647 eo,
885 2569 987 2654 magis

65 2680 217 2748 miremur
232 2675 416 2762 ingenium,
428 2679 524 2759 quiet
538 2697 636 2760 ptrva
652 2679 726 2761 ille,
738 2683 989 2764 quteErnettus

65 2790 228 2874 uocabat,
250 2793 307 2869 sed
323 2793 393 2858 sine
418 2792 539 2874 quibus
562 2791 696 2857 maxima
720 2809 812 2858 nemo
830 2793 989 2876 consequi

68 2921 202 2992 potest,
225 2906 337 2982 intime
351 2919 517 2990 perspecta
535 2917 792 2987 pertrectantque
804 2903 936 2988 habuit,
957 2921 991 3002 et

67 3035 173 3088 nmen
188 3020 331 3106 legendis
359 3019 491 3116 integris
517 3033 657 3098 unctum
680 3017 882 3102 Scriptorum
897 3017 991 3098 libris

67 3130 232 3220 ingenium
259 3136 297 3202 ad
314 3133 440 3218 cupiam
468 3152 571 3216 rerum
598 3147 631 3200 et
646 3133 814 3210 verborum
831 3133 936 3214 aluit,
959 3147 993 3202 et

62 3251 102 3328 ad
123 3249 289 3333 cogitandi
317 3248 505 3332 dicendique
531 3248 719 3334 elegantiam
742 3249 828 3326 acuit
846 3232 889 3318 ac'
906 3247 992 3334 poli-

63 3363 126 3435 vit.
176 3363 238 3440 Sed
253 3360 423 3434 referamus
444 3363 588 3446 ultimam
605 3381 648 3432 tx
666 3363 796 3438 Ernesti
819 3363 991 3456 praefatip·

64 3497 106 3548 ue
133 3492 281 3560 partem,
310 3477 464 3556 veriorem
491 3477 577 3558 illam
603 3479 708 3544 denuo
736 3492 767 3544 ct
794 3478 989 3560 aequiorem.

66 3637 90 3676 „
111 3590 190 3680 Quo
222 3591 322 3676 magis
348 3589 519 3676 gratum?
542 3592 651 3674 lnquit
684 3637 704 3674 „
723 3607 754 3664 et
778 3593 881 3666 nobis
900 3592 990 3676 suit,

68 3723 102 3779 ct
126 3705 303 3776 lectoribus
319 3706 389 3774 fore
407 3703 558 3787 confido,
581 3707 670 3789 quod
689 3707 761 3786 Cel.
781 3704 993 3788 Hemsterlru.

65 3821 163 3912 aius,
193 3821 251 3912 qui
272 3837 382 3906 omues
408 3819 551 3902 Graecae
573 3819 751 3908 literaturae
774 3837 921 3932 recessus
946 3835 995 3916 rea

552 3931 659 4032 lta
916 3941 996 4026 ut·
