2594 4718
257 291 325 388 ,aa
411 282 671 359 amaranto
692 305 741 356 ax
762 287 991 364 animone
1023 323 1029 332 -
1088 325 1092 333 -

260 472 506 568 quatuordecim
523 489 627 542 annos
642 472 842 544 Professoris
862 495 981 546 mimus
1004 473 1196 550 Heidelber-

259 619 318 688 gae
336 608 489 684 gesserat.
528 593 620 684 Quae
634 592 825 675 liberalitas,
844 595 913 664 aive
933 577 999 664 fuit
1014 596 1101 683 ulla,
1119 601 1195 670 sive

233 753 236 760 ·
257 731 327 782 sera
348 710 437 795 fuit,
458 729 526 778 non
547 709 649 800 ualuit
672 709 713 778 ad
730 713 933 780 recreandum
958 713 1120 782 hominem
1136 713 1193 782 ai·

262 829 411 911 flictum3
435 840 473 893 ut
498 825 568 910 ipse
585 822 771 910 significare
784 825 911 894 videtur
929 827 962 894 in
979 827 1131 912 Epistola
1149 831 1193 898 ad

263 944 483 1035 Basileenaesa
505 953 592 1008 certe
609 939 742 1022 fractis,
759 957 817 1026 per
834 941 1008 1010 continuas
1025 961 1196 1012 aerumnas

93 1151 95 1159 Ι
172 1117 180 1140 ,
263 1074 296 1128 ct
315 1060 429 1128 nimias
457 1056 644 1126 studiorum
661 1054 929 1136 lucubrationes,
952 1061 1103 1144 corporis
1118 1059 1199 1128 viri·

264 1172 352 1256 bus,
374 1169 506 1264 biennio
538 1177 649 1254 postea
671 1171 753 1242 diem
780 1169 876 1238 obiit.
920 1169 998 1256 Quo
1015 1171 1120 1257 magis
1134 1190 1198 1240 no·

214 1346 218 1357 ,
261 1307 364 1360 strum
390 1306 461 1373 est,
488 1288 563 1384 talls
587 1290 734 1378 tantique
756 1288 842 1371 viri,
863 1302 895 1355 et
917 1288 952 1354 in
977 1289 1038 1355 hoc
1065 1289 1199 1358 Plutar-

261 1410 345 1482 clteo
370 1405 481 1476 studio
504 1406 598 1489 quasi
622 1405 801 1474 decessoris
836 1422 873 1471 ac
896 1402 1038 1472 doctoris
1060 1407 1196 1489 nostri,

261 1523 446 1616 memoriam
466 1539 541 1592 cum
558 1521 777 1592 benivolentia
797 1534 829 1590 et
846 1536 938 1606 grato
959 1518 1067 1590 animo
1092 1538 1199 1594 usur·

261 1657 350 1727 pare.

550 1837 553 1844 ’
666 1871 700 1958 s.
752 1871 785 1940 a.

346 2077 350 2084 .
443 2122 490 2184 Da
509 2117 650 2199 Stephana·
667 2118 803 2180 Edtrltrte
821 2115 902 2178 Anni
923 2133 1008 2195 ¹572·

293 2341 464 2428 ,Venimus
502 2341 541 2408 ad
564 2337 813 2426 Stephanianam
842 2338 1055 2422 delitionem,
1088 2357 1199 2426 auae,

261 2477 303 2528 ert
328 2477 405 2542 qno¹
419 2457 565 2543 prodiit,
587 2453 844 2523 emendatissima
872 2453 1060 2522 Editionum
1087 2453 1201 2524 habita

263 2588 399 2673 est;‚ut
421 2574 461 2641 ab
485 2592 524 2641 eo
548 2572 623 2642 inde
646 2587 791 2657 tempore
814 2584 846 2638 et
865 2587 981 2638 nomen
996 2571 1146 2656 vulgatae
1163 2585 1201 2638 ct

261 2689 486 2757 auctoritatem
505 2687 696 2758 obtinuerit.
740 2685 846 2770 Sane,
867 2686 986 2754 multae
999 2685 1033 2752 ln
1049 2704 1085 2753 ca
1102 2685 1201 2770 prio·

202 2846 207 2856 ·
259 2822 333 2870 rum
373 2804 565 2876 Editionum
603 2805 804 2890 corruptelae
834 2805 870 2872 in
906 2805 1023 2872 melius
1057 2817 1202 2874 mutatae

198 2999 203 3012 ⁶
261 2931 355 2986 sunt.
400 2916 463 2986 Sed
489 2932 527 2986 ut
550 2918 584 2988 in
609 2936 781 3004 corporum
807 2893 935 2987 morbis
963 2917 1086 2986 Medici
1104 2933 1201 2984 sana·

260 3017 530 3100 tionem‘vocant
552 3050 619 3100 non
636 3049 730 3099 omne
754 3031 895 3098 levamen
922 3050 990 3114 quo
1013 3029 1199 3114 aegrotanti

257 3144 451 3212 meliuscule
478 3146 541 3228 fit,
562 3149 620 3215 sed
644 3145 726 3214 illud
750 3165 820 3231 quo
847 3115 968 3215 sanitas
991 3145 1202 3220 restituitura

218 3279 224 3306 ¹
257 3259 304 3330 ita
335 3261 453 3331 Critici
490 3263 742 3332 emendationem
771 3264 935 3350 appellant
963 3279 1033 3330 non
1065 3279 1198 3330 omnem

109 3441 115 3456 ,
143 3469 146 3476 ¹
260 3379 471 3447 mutationem
487 3398 551 3464 qua
578 3381 671 3446 locus
687 3377 829 3448 vitiosus
847 3377 958 3446 melior
971 3375 1009 3442 lit
1022 3394 1120 3459 quam
1137 3393 1197 3444 an·

257 3477 448 3574 maluerat,
470 3493 527 3558 sed
545 3511 609 3576 qua
626 3491 670 3556 ita
694 3493 806 3558 melior
822 3491 859 3558 iit
877 3505 916 3557 ut
931 3490 1090 3558 Auctoris
1109 3491 1194 3558 acri·

259 3581 354 3686 ntura
370 3603 516 3671 restituta
533 3603 689 3672 videatur.
736 3604 842 3687 Atqui
872 3588 954 3673 hanc
974 3607 1100 3673 laudem
1119 3609 1194 3674 Ste-
1220 3688 1224 3696 s

255 3715 432 3801 phanianae
463 3718 598 3788 editioni
624 3738 692 3787 non
719 3719 794 3787 item
818 3693 957 3788 tribucre
993 3733 1190 3805 possumus.

222 3907 233 3922 ,
257 3833 342 3904 Nam
361 3847 462 3922 quum
482 3841 587 3911 omnis
610 3841 842 3910 emendationis
865 3841 986 3928 duplex
1014 3841 1058 3910 sit
1089 3841 1192 3922 fons,

1138 3968 1195 4018 vc«
