2616 4702
148 327 423 404 PLUTARCH.
446 322 507 402 DE
537 329 656 406 suRA
676 335 798 414 NUM.
819 335 949 418 Villi).
992 353 1036 436 7,
1102 271 1105 278 Ι

83 520 212 588 miores
231 517 307 586 libri
322 532 355 586 et
371 515 431 602 qui
451 516 580 588 criticae
595 519 743 595 facultati
771 529 919 615 maiorem
938 549 1030 618 praev

84 638 211 704 berent
224 633 416 702 excurrendi
433 652 604 719 crmpum3
627 656 737 706 terrun
753 659 820 710 non
836 662 954 727 meam,
974 647 1032 716 sed

84 755 268 824 Plutarchi
284 771 315 822 et
331 757 466 824 aliorum
485 775 549 822 rem
567 756 619 824 liic
640 758 691 843 tgi
709 759 897 830 arbitrabor.
940 763 1030 836 Nan

87 873 166 940 sire
182 889 408 958 argumentum
424 888 570 956 spectes,
580 875 707 944 nullum
723 877 1031 966 majusgrrviusque

85 1005 168 1072 est;
195 987 268 1056 slve
284 988 465 1070 explicandi
484 987 664 1070 rationem,
685 991 766 1058 adeo
785 993 948 1061 subtiliter
964 998 1032 1076 ele·

92 1121 281 1190 gtntcrque
300 1105 481 1188 disputavit
506 1102 722 1189 Plutarchus,
746 1125 804 1190 ut,
827 1129 1031 1192 summotum

88 1221 241 1287 virorum
256 1217 406 1304 judicio,
428 1219 574 1302 proxime
584 1221 627 1288 cd
642 1222 846 1292 Christianae
860 1228 1028 1322 doctrinae

90 1335 327 1420 praestantium
362 1335 604 1406 moerentt-
618 1337 751 1408 Scilicet
783 1359 858 1408 cum
888 1348 1030 1429 popula.

90 1469 158 1518 rem
189 1449 312 1518 efficere
338 1449 578 1536 Philosophitm
607 1453 768 1535 studeret,
791 1469 825 1522 et
844 1455 880 1524 id
904 1442 1031 1552 ubique

89 1583 282 1654 speraret,
304 1579 342 1634 ut
357 1567 398 1632 de
416 1568 511 1632 rebus
531 1585 614 1649 quae
630 1569 672 1634 ad
689 1571 771 1635 vitae
785 1569 960 1655 rationem,
982 1575 1026 1654 sd
1085 1595 1089 1606 ’

88 1684 311 1754 emmdsndos
329 1700 458 1765 mores,
481 1685 569 1756 etad
586 1683 669 1757 bene
681 1687 837 1771 benseque
849 1691 1025 1788 videndum

87 1799 292 1884 pertinerent
312 1797 504 1882 dissererm
524 1800 607 1866 hene
622 1803 757 1884 quoque
772 1803 812 1872 de
833 1808 949 1886 poenis
968 1807 1028 1886 dle.

87 1916 188 1984 vinis
218 1916 394 1986 doctrinm
431 1903 663 2002 explicandum
686 1917 748 1990 sibi
775 1937 847 1986 etse
879 1924 1027 2013 putruit.¹

90 2035 242 2121 Magna,
262 2036 334 2104 sine
352 2035 477 2119 dubio,
497 2049 530 2102 et
547 2035 688 2104 difficilis
704 2037 872 2120 quaestiot
894 2039 935 2107 de
955 2057 1025 2124 qus

87 2155 154 2237 jam
181 2135 433 2236 antiquissimis
450 2151 651 2236 tenporibus
682 2151 769 2219 varis
799 2151 1025 2253 Philosopltog

89 2287 166 2336 rum
189 2267 256 2336 fuit
280 2267 450 2339 sententia.
492 2267 602 2354 liujus
626 2267 843 2354 patrocinium
862 2287 935 2340 cunt
952 2271 1026 2350 sibi
1092 2303 1096 2310 ·

87 2383 245 2452 nonnulli
268 2384 462 2452 tumuissent
486 2382 696 2467 Stoicorum,
719 2404 786 2452 enm
811 2386 890 2455 adeo
916 2389 1025 2466 honio

86 2501 163 2566 dam
190 2499 392 2584 rigidamque
420 2497 587 2584 fecerunt,
621 2518 658 2570 ut
682 2521 786 2585 neque
815 2506 889 2572 aliis
920 2503 1019 2582 facile

86 2617 306 2700 probaretur,
329 2616 369 2684 ab
385 2615 556 2699 Epicureis
573 2637 650 2686 vero
674 2620 878 2688 derideretur.
924 2622 1025 2700 Cunt,

86 2731 175 2798 enim
192 2728 427 2800 Providentiam
443 2743 620 2800 statuerent
638 2731 789 2800 omnibus
809 2735 1022 2818 minimisque,

84 2849 241 2916 humanis
255 2847 350 2912 rebus
368 2859 494 2930 praesto
511 2864 602 2928 esse,
614 2847 649 2914 in
667 2847 777 2922 omnia
791 2848 943 2930 influere5
954 2850 1025 2928 lto-,

85 2963 213 3030 minum
229 2959 346 3026 delicta
363 2959 414 3025 vel
431 2960 592 3042 extenplo
610 2958 727 3058 ulcisci
746 2961 797 3026 vel
817 2962 851 3030 in
873 2965 1013 3048 posteris

84 3077 224 3161 punire3
247 3093 315 3144 nott
332 3075 588 3142 satisltabebant
610 3077 750 3144 rationes
776 3095 814 3146 ex
835 3075 879 3145 t'ei
899 3097 1011 3154 natust

83 3196 201 3260 ductes
211 3191 447 3276 proposuisse3
471 3194 550 3274 scd,
563 3207 608 3260 ut
622 3197 785 3262 cumulate
800 3197 888 3262 ultro
902 3215 1021 3276 suste,

82 3325 145 3394 pto
165 3309 289 3376 muneri
310 3307 553 3392 satisfacerent,
575 3310 704 3378 alteram
724 3329 858 3395 quoque
880 3313 1012 3384 certius·

81 3429 170 3498 dinis
194 3429 345 3514 opificem
368 3430 590 3512 experientiam
608 3431 642 3498 in
661 3431 817 3500 auxilium
834 3433 1021 3520 cogebant„

79 3547 151 3614 llic
172 3565 247 3614 uero
264 3547 427 3631 quidquid
449 3547 489 3614 sd
513 3566 577 3616 rem
603 3546 708 3616 iacere
732 3549 891 3616 videretur
918 3552 1022 3622 anxie·

80 3663 665 3747 conquirebtnt‚exemplaqttedubis
681 3681 809 3748 ecquae
827 3685 920 3734 nemo
937 3687 1009 3738 non

82 3783 114 3852 in
134 3793 304 3865 utramque
321 3796 446 3868 psrtetn
472 3782 615 3866 accipere
637 3795 752 3865 posset
770 3785 1006 3870 congerebant:

954 3915 1016 3970 un·
