2506 4712
202 329 340 413 vrra
372 337 793 416 armaturarum.
899 365 993 448 m

38 523 76 599 ei·
86 530 253 616 legendum
268 529 383 607 daret,
401 525 458 592 ubi
475 533 587 594 testem
605 528 767 596 laudasset
783 515 977 608 Simsunuut

40 648 75 716 in
94 647 275 718 chronico.
308 645 396 712 Huic
418 638 494 711 illet
521 643 641 731 „Quid
656 645 736 726 tibi,
760 645 887 730 inquit,
904 669 979 719 cuua

42 762 226 832 simeona?
250 764 330 844 quin
352 776 388 830 tu
414 761 506 844 ipsos
523 761 677 844 antiquae
697 761 792 830 lauda
810 777 989 846 auctorata
1110 740 1117 749 ⁵

41 880 131 948 turde
154 895 214 944 sua
239 876 333 943 habet
357 875 555 942 Simaouusr
582 875 705 958 quibua
729 878 980 962 ‚interpretandis

47 993 291 1078 corrigeudtsve
308 991 337 1059 si
356 991 385 1059 ia
405 991 483 1058 novi
509 993 588 1076 quid
605 991 747 1076 profert,
773 1009 979 1074 autyeterern

45 1127 183 1181 ιιιοιειιι
198 1108 341 1176 nondum
359 1121 450 1188 autea
465 1107 631 1192 cognitum
648 1107 782 1192 refellit,
803 1123 914 1193 potest
930 1129 984 1176 sa·

51 1239 95 1292 ne
108 1223 296 1304 memorari,
313 1235 349 1286 ut
368 1223 441 1288 item
452 1220 691 1306 Wesaeiirrgiua
701 1221 733 1290 iu
742 1225 881 1292 notiaad
890 1242 985 1306 eum,

50 1353 89 1406 ut
112 1339 166 1407 alii
192 1338 338 1420 critici,
362 1338 420 1421 qui
449 1339 561 1412 critice
584 1339 763 1407 Historiam
789 1355 989 1436 tractarunte

51 1473 121 1524 nott
135 1453 233 1538 item,
252 1455 309 1524 ubi
326 1474 376 1546 tea
393 1457 599 1542 pervulgatae
618 1456 750 1524 reiert.’'
777 1458 857 1528 Erat
881 1459 986 1541 aliua,

54 1572 115 1656 qui
142 1573 182 1638 de
210 1571 355 1652 Romana
381 1572 527 1640 Historia
546 1587 657 1642 testem
673 1575 786 1644 citaret
803 1574 987 1648 Rollinum.

58 1688 223 1772 „araga
246 1687 593 1772 inqutt‚1toltinum‚
616 1693 684 1773 qui·
701 1691 865 1761 tironibus
893 1691 992 1762 etin·

55 1802 164 1870 doctis
184 1802 335 1887 aeripaitt
353 1804 407 1870 hia
423 1819 567 1887 praestat
585 1805 755 1872 utilitatem
769 1805 907 1891 Jucurtdi
922 1826 994 1872 aar·

53 1921 197 2004 tatoris,
229 1921 327 1990 nobie
349 1939 417 1988 ιιοιι
449 1921 542 1990 habet
568 1920 790 1988 auctoritatem
818 1921 991 2006 locupletis

55 2037 180 2105 testis:
206 2039 310 2104 valeat
325 2037 422 2105 nobie
439 2037 593 2122 quiaquia
612 2037 707 2105 urtice
719 2037 822 2105 fretus
840 2037 992 2108 orationis

48 2151 362 2235 ‹commendationm
385 2167 422 2218 ut
442 2151 487 2219 ait
512 2151 589 2236 ilie,

111 2325 147 2387 Id
164 2327 218 2387 sibi
233 2329 329 2402 negoti
347 2319 466 2388 eredidit
483 2325 575 2388 solum
590 2323 671 2402 dari,

116 2437 233 2512 Populo
251 2451 284 2496 ut
300 2437 443 2512 placerent
460 2455 528 2515 quaa
547 2440 662 2536 fecisset
681 2439 789 2501 fabulas
805 2438 823 2520 (
832 2435 938 2519 89)’¹.

103 2587 345 2708 Ruhnktrriua,
365 2614 513 2706 quaerat
530 2601 639 2670 decori
662 2621 784 2685 sensu,
808 2602 997 2689 indignaba-

60 2720 140 2796 tur,
163 2715 311 2780 homines
329 2715 407 2780 adeo
425 2714 582 2796 quosdam
602 2716 718 2780 doctos
739 2715 803 2780 iata
819 2733 998 2784 consuetu·

63 2821 141 2896 dine
163 2829 323 2910 laborare,
346 2843 383 2893 ut
411 2815 550 2910 aliquem
564 2813 677 2893 ¹locutu
698 2826 894 2911 tractantes}
916 2829 999 2898 alios

62 2962 208 3027 amaea,
230 2944 288 3028 qui
304 2961 376 3012 euru
394 2942 558 3010 tractando
573 2943 780 3028 attigissent,
802 2946 1000 3030 ineptoaho·
1093 2951 1104 2976 ⁶

66 3061 243 3128 mantulos
270 3077 306 3126 at
331 3074 430 3126 terrae
455 3043 565 3138 iiiios,
587 3058 627 3124 ad
649 3073 756 3142 parter
776 3074 919 3142 vocent,
940 3071 1000 3127 rtee

66 3177 216 3246 dubitent
239 3163 341 3244 stellis
369 3176 519 3244 nebulam
544 3192 699 3264 spargere
715 3165 867 3242 candidis
885 3175 998 3262 (90),

69 3313 111 3362 tre
134 3293 261 3360 seilicet
290 3291 439 3374 aliquid
430 3307 597 3376 ignorasse
609 3279 795 3355 videantur
821 3303 904 3360 tecte
912 3282 1003 3407 Judr·

70 3429 175 3494 carra,
206 3399 393 3478 istiuauro'di
421 3409 550 3475 testium
579 3369 729 3471 sordiirus
746 3423 782 3470 ae
801 3401 909 3486 faece,
931 3411 1003 3490 gra·

43 3605 47 3616 ¹
73 3525 282 3594 visaimoruu
307 3519 402 3590 etiam
428 3509 651 3600 auctoritatem
667 3517 798 3588 testium
817 3515 1001 3598 debilitari,
1121 3523 1125 3532 '

945 3621 1004 3700 iia·

109 3809 128 3888 (
137 3809 174 3886 89
185 3809 203 3886 )
216 3811 337 3873 ,Τειιιι
357 3807 474 3886 prolog.
493 3807 583 3871 andr.
599 3824 673 3870 vert.
689 3823 718 3886 5.

111 3915 650 4014 <902iioratcrrm.111,15‚·6.
