<?xml version="1.0" encoding="UTF-8"?>
<!DOCTYPE html PUBLIC "-//W3C//DTD XHTML 1.0 Transitional//EN"
    "http://www.w3.org/TR/xhtml1/DTD/xhtml1-transitional.dtd">
<html xmlns="http://www.w3.org/1999/xhtml" xml:lang="en" lang="en">
 <head>
  <title>
</title>
<meta http-equiv="Content-Type" content="text/html;charset=utf-8" />
  <meta name='ocr-system' content='tesseract 3.04.00' />
  <meta name='ocr-capabilities' content='ocr_page ocr_carea ocr_par ocr_line ocrx_word'/>
</head>
<body>
  <div class='ocr_page' id='page_1' title='image "./opusculavariiar01wyttgoog_0207.png"; bbox 0 0 2562 4708; ppageno 0'>
   <div class='ocr_carea' id='block_1_1' title="bbox 247 273 1065 394">
    <p class='ocr_par' dir='ltr' id='par_1_1' title="bbox 247 273 1065 394">
     <span class='ocr_line' id='line_1_1' title="bbox 247 273 1065 394; baseline -0.021 -33"><span class='ocrx_word' id='word_1_1' title='bbox 247 303 322 394; x_wconf 69' lang='lat' dir='ltr'>seo¹</span> <span class='ocrx_word' id='word_1_2' title='bbox 368 275 624 356; x_wconf 79' lang='lat' dir='ltr'>omnemne</span> <span class='ocrx_word' id='word_1_3' title='bbox 645 273 778 354; x_wconf 78' lang='lat' dir='ltr'>vrrr</span> <span class='ocrx_word' id='word_1_4' title='bbox 800 273 1065 352; x_wconf 80' lang='lat' dir='ltr'>serronem.</span> 
     </span>
    </p>
   </div>
   <div class='ocr_carea' id='block_1_2' title="bbox 157 459 1191 3228">
    <p class='ocr_par' dir='ltr' id='par_1_2' title="bbox 157 459 1191 3228">
     <span class='ocr_line' id='line_1_2' title="bbox 157 459 1188 560; baseline -0.007 -21"><span class='ocrx_word' id='word_1_5' title='bbox 157 485 161 498; x_wconf 88' lang='grc'><strong>’</strong></span> <span class='ocrx_word' id='word_1_6' title='bbox 250 483 412 560; x_wconf 68' lang='lat' dir='ltr'>temnant,</span> <span class='ocrx_word' id='word_1_7' title='bbox 427 465 493 554; x_wconf 74' lang='lat' dir='ltr'>⁸alii,</span> <span class='ocrx_word' id='word_1_8' title='bbox 508 476 634 541; x_wconf 82' lang='lat' dir='ltr'>contra.</span> <span class='ocrx_word' id='word_1_9' title='bbox 667 461 751 536; x_wconf 87' lang='lat' dir='ltr'>Sunt</span> <span class='ocrx_word' id='word_1_10' title='bbox 770 461 843 536; x_wconf 89' lang='lat' dir='ltr'>item</span> <span class='ocrx_word' id='word_1_11' title='bbox 862 461 919 544; x_wconf 88' lang='lat' dir='ltr'>qui</span> <span class='ocrx_word' id='word_1_12' title='bbox 939 459 1047 530; x_wconf 87' lang='lat' dir='ltr'>omnia</span> <span class='ocrx_word' id='word_1_13' title='bbox 1069 476 1188 542; x_wconf 65' lang='lat' dir='ltr'>vetera</span> 
     </span>
     <span class='ocr_line' id='line_1_3' title="bbox 248 580 1191 671; baseline -0.011 -17"><span class='ocrx_word' id='word_1_14' title='bbox 248 604 279 654; x_wconf 94' lang='lat' dir='ltr'>et</span> <span class='ocrx_word' id='word_1_15' title='bbox 297 587 464 671; x_wconf 89' lang='lat' dir='ltr'>praeterita</span> <span class='ocrx_word' id='word_1_16' title='bbox 486 583 637 663; x_wconf 84' lang='lat' dir='ltr'>laudent,</span> <span class='ocrx_word' id='word_1_17' title='bbox 658 580 834 654; x_wconf 81' lang='lat' dir='ltr'>recentiora</span> <span class='ocrx_word' id='word_1_18' title='bbox 849 596 881 656; x_wconf 90' lang='lat' dir='ltr'>et</span> <span class='ocrx_word' id='word_1_19' title='bbox 902 583 1081 665; x_wconf 84' lang='lat' dir='ltr'>praesentia</span> <span class='ocrx_word' id='word_1_20' title='bbox 1095 604 1191 652; x_wconf 78' lang='lat' dir='ltr'>con.</span> 
     </span>
     <span class='ocr_line' id='line_1_4' title="bbox 249 695 1186 782; baseline -0.006 -10"><span class='ocrx_word' id='word_1_21' title='bbox 249 715 412 782; x_wconf 85' lang='lat' dir='ltr'>temnant,</span> <span class='ocrx_word' id='word_1_22' title='bbox 436 699 489 768; x_wconf 88' lang='lat' dir='ltr'>alii</span> <span class='ocrx_word' id='word_1_23' title='bbox 507 699 580 770; x_wconf 89' lang='lat' dir='ltr'>item</span> <span class='ocrx_word' id='word_1_24' title='bbox 605 712 728 774; x_wconf 71' lang='lat' dir='ltr'>contra.</span> <span class='ocrx_word' id='word_1_25' title='bbox 774 695 813 770; x_wconf 93' lang='lat' dir='ltr'>In</span> <span class='ocrx_word' id='word_1_26' title='bbox 835 697 899 766; x_wconf 89' lang='lat' dir='ltr'>hoc</span> <span class='ocrx_word' id='word_1_27' title='bbox 923 717 1012 780; x_wconf 83' lang='lat' dir='ltr'>uno,</span> <span class='ocrx_word' id='word_1_28' title='bbox 1034 711 1186 774; x_wconf 80' lang='lat' dir='ltr'>ceterum</span> 
     </span>
     <span class='ocr_line' id='line_1_5' title="bbox 248 809 1184 904; baseline 0.003 -22"><span class='ocrx_word' id='word_1_29' title='bbox 248 815 414 901; x_wconf 75' lang='lat' dir='ltr'><strong>dispares,</strong></span> <span class='ocrx_word' id='word_1_30' title='bbox 436 809 648 883; x_wconf 80' lang='lat' dir='ltr'>convenimus</span> <span class='ocrx_word' id='word_1_31' title='bbox 672 809 739 884; x_wconf 85' lang='lat' dir='ltr'>fere</span> <span class='ocrx_word' id='word_1_32' title='bbox 758 829 893 892; x_wconf 83' lang='lat' dir='ltr'>omnes,</span> <span class='ocrx_word' id='word_1_33' title='bbox 916 827 953 878; x_wconf 92' lang='lat' dir='ltr'>ut</span> <span class='ocrx_word' id='word_1_34' title='bbox 977 813 1048 902; x_wconf 87' lang='lat' dir='ltr'>ipse</span> <span class='ocrx_word' id='word_1_35' title='bbox 1069 815 1184 904; x_wconf 76' lang='lat' dir='ltr'>primo</span> 
     </span>
     <span class='ocr_line' id='line_1_6' title="bbox 251 918 1183 1026; baseline -0.001 -30"><span class='ocrx_word' id='word_1_36' title='bbox 251 918 391 1026; x_wconf 80' lang='lat' dir='ltr'>quisque</span> <span class='ocrx_word' id='word_1_37' title='bbox 419 947 454 1000; x_wconf 89' lang='lat' dir='ltr'>se</span> <span class='ocrx_word' id='word_1_38' title='bbox 478 927 612 996; x_wconf 89' lang='lat' dir='ltr'>nimium</span> <span class='ocrx_word' id='word_1_39' title='bbox 632 931 738 1012; x_wconf 75' lang='lat' dir='ltr'>amet,</span> <span class='ocrx_word' id='word_1_40' title='bbox 761 943 793 992; x_wconf 92' lang='lat' dir='ltr'>et</span> <span class='ocrx_word' id='word_1_41' title='bbox 803 933 820 1010; x_wconf 62' lang='lat'>,⁴</span> <span class='ocrx_word' id='word_1_42' title='bbox 839 921 982 997; x_wconf 85' lang='lat' dir='ltr'>secundo</span> <span class='ocrx_word' id='word_1_43' title='bbox 1000 931 1099 1011; x_wconf 90' lang='lat' dir='ltr'>loco,</span> <span class='ocrx_word' id='word_1_44' title='bbox 1121 929 1183 996; x_wconf 88' lang='lat' dir='ltr'>stri</span> 
     </span>
     <span class='ocr_line' id='line_1_7' title="bbox 249 1033 1186 1132; baseline 0.001 -26"><span class='ocrx_word' id='word_1_45' title='bbox 249 1061 410 1132; x_wconf 79' lang='lat' dir='ltr'>quemque</span> <span class='ocrx_word' id='word_1_46' title='bbox 435 1033 651 1115; x_wconf 82' lang='lat' dir='ltr'>simillimum.</span> <span class='ocrx_word' id='word_1_47' title='bbox 701 1039 768 1130; x_wconf 91' lang='lat' dir='ltr'>Qui</span> <span class='ocrx_word' id='word_1_48' title='bbox 796 1059 905 1124; x_wconf 84' lang='lat' dir='ltr'>amor,</span> <span class='ocrx_word' id='word_1_49' title='bbox 935 1062 952 1113; x_wconf 89' lang='lat' dir='ltr'>a</span> <span class='ocrx_word' id='word_1_50' title='bbox 976 1043 1064 1128; x_wconf 91' lang='lat' dir='ltr'>bono</span> <span class='ocrx_word' id='word_1_51' title='bbox 1084 1056 1186 1108; x_wconf 87' lang='lat' dir='ltr'>natu-</span> 
     </span>
     <span class='ocr_line' id='line_1_8' title="bbox 246 1160 1185 1250; baseline -0.007 -21"><span class='ocrx_word' id='word_1_52' title='bbox 246 1183 300 1242; x_wconf 79' lang='lat' dir='ltr'>rae</span> <span class='ocrx_word' id='word_1_53' title='bbox 314 1161 409 1238; x_wconf 88' lang='lat' dir='ltr'>initio</span> <span class='ocrx_word' id='word_1_54' title='bbox 424 1160 613 1250; x_wconf 80' lang='lat' dir='ltr'>profectus,</span> <span class='ocrx_word' id='word_1_55' title='bbox 631 1161 825 1245; x_wconf 73' lang='lat' dir='ltr'><strong>negligentia</strong></span> <span class='ocrx_word' id='word_1_56' title='bbox 839 1163 874 1236; x_wconf 87' lang='lat' dir='ltr'>in</span> <span class='ocrx_word' id='word_1_57' title='bbox 891 1161 1044 1250; x_wconf 79' lang='lat' dir='ltr'>frequens</span> <span class='ocrx_word' id='word_1_58' title='bbox 1058 1177 1090 1228; x_wconf 92' lang='lat' dir='ltr'>et</span> <span class='ocrx_word' id='word_1_59' title='bbox 1103 1181 1185 1246; x_wconf 80' lang='lat' dir='ltr'>per.</span> 
     </span>
     <span class='ocr_line' id='line_1_9' title="bbox 247 1277 1182 1363; baseline -0.007 -16"><span class='ocrx_word' id='word_1_60' title='bbox 247 1281 417 1363; x_wconf 80' lang='lat' dir='ltr'>uulgatum</span> <span class='ocrx_word' id='word_1_61' title='bbox 439 1277 508 1343; x_wconf 89' lang='lat' dir='ltr'>abit</span> <span class='ocrx_word' id='word_1_62' title='bbox 535 1277 664 1348; x_wconf 77' lang='lat' dir='ltr'>vitium,</span> <span class='ocrx_word' id='word_1_63' title='bbox 717 1277 812 1344; x_wconf 89' lang='lat' dir='ltr'>Pueri</span> <span class='ocrx_word' id='word_1_64' title='bbox 843 1277 1004 1348; x_wconf 86' lang='lat' dir='ltr'>hominem</span> <span class='ocrx_word' id='word_1_65' title='bbox 1027 1277 1182 1348; x_wconf 84' lang='lat' dir='ltr'>videntes</span> 
     </span>
     <span class='ocr_line' id='line_1_10' title="bbox 248 1390 1180 1481; baseline -0.004 -22"><span class='ocrx_word' id='word_1_66' title='bbox 248 1393 405 1472; x_wconf 84' lang='lat' dir='ltr'>inusitato</span> <span class='ocrx_word' id='word_1_67' title='bbox 421 1392 544 1471; x_wconf 75' lang='lat' dir='ltr'>vestitu</span> <span class='ocrx_word' id='word_1_68' title='bbox 562 1390 735 1481; x_wconf 74' lang='lat' dir='ltr'>indutum,¹</span> <span class='ocrx_word' id='word_1_69' title='bbox 760 1392 831 1464; x_wconf 86' lang='lat' dir='ltr'>sive</span> <span class='ocrx_word' id='word_1_70' title='bbox 849 1393 1012 1468; x_wconf 77' lang='lat' dir='ltr'>audientes</span> <span class='ocrx_word' id='word_1_71' title='bbox 1029 1391 1180 1470; x_wconf 74' lang='lat' dir='ltr'>inaudita¹</span> 
     </span>
     <span class='ocr_line' id='line_1_11' title="bbox 247 1507 1177 1598; baseline -0.001 -23"><span class='ocrx_word' id='word_1_72' title='bbox 247 1507 359 1592; x_wconf 81' lang='lat' dir='ltr'>lingua</span> <span class='ocrx_word' id='word_1_73' title='bbox 392 1507 603 1598; x_wconf 73' lang='lat' dir='ltr'>loquentem,</span> <span class='ocrx_word' id='word_1_74' title='bbox 633 1507 811 1577; x_wconf 89' lang='lat' dir='ltr'>cachinnos</span> <span class='ocrx_word' id='word_1_75' title='bbox 843 1511 955 1582; x_wconf 76' lang='lat' dir='ltr'>edunt.</span> <span class='ocrx_word' id='word_1_76' title='bbox 1010 1509 1177 1594; x_wconf 85' lang='lat' dir='ltr'>Juvenes,</span> 
     </span>
     <span class='ocr_line' id='line_1_12' title="bbox 250 1623 1178 1711; baseline 0.003 -22"><span class='ocrx_word' id='word_1_77' title='bbox 250 1639 307 1698; x_wconf 81' lang='lat' dir='ltr'>tut</span> <span class='ocrx_word' id='word_1_78' title='bbox 329 1623 391 1698; x_wconf 83' lang='lat' dir='ltr'>viri</span> <span class='ocrx_word' id='word_1_79' title='bbox 413 1625 529 1704; x_wconf 84' lang='lat' dir='ltr'>etiam,</span> <span class='ocrx_word' id='word_1_80' title='bbox 551 1638 652 1696; x_wconf 86' lang='lat' dir='ltr'>aetate</span> <span class='ocrx_word' id='word_1_81' title='bbox 675 1627 902 1708; x_wconf 84' lang='lat' dir='ltr'>procedimus,</span> <span class='ocrx_word' id='word_1_82' title='bbox 925 1625 1055 1711; x_wconf 82' lang='lat' dir='ltr'>ingenio</span> <span class='ocrx_word' id='word_1_83' title='bbox 1076 1643 1178 1708; x_wconf 85' lang='lat' dir='ltr'>saepe</span> 
     </span>
     <span class='ocr_line' id='line_1_13' title="bbox 248 1729 1181 1826; baseline 0.001 -24"><span class='ocrx_word' id='word_1_84' title='bbox 248 1737 342 1826; x_wconf 87' lang='lat' dir='ltr'>pueri</span> <span class='ocrx_word' id='word_1_85' title='bbox 363 1754 542 1810; x_wconf 84' lang='lat' dir='ltr'>manemus:</span> <span class='ocrx_word' id='word_1_86' title='bbox 565 1738 755 1826; x_wconf 85' lang='lat' dir='ltr'>plerumque</span> <span class='ocrx_word' id='word_1_87' title='bbox 782 1742 822 1807; x_wconf 86' lang='lat' dir='ltr'>ad</span> <span class='ocrx_word' id='word_1_88' title='bbox 846 1759 930 1807; x_wconf 80' lang='lat' dir='ltr'>nova</span> <span class='ocrx_word' id='word_1_89' title='bbox 945 1729 983 1805; x_wconf 71' lang='lat' dir='ltr'>&#39;et</span> <span class='ocrx_word' id='word_1_90' title='bbox 1009 1737 1181 1823; x_wconf 80' lang='lat' dir='ltr'>peregrina</span> 
     </span>
     <span class='ocr_line' id='line_1_14' title="bbox 248 1849 1178 1946; baseline 0.005 -33"><span class='ocrx_word' id='word_1_91' title='bbox 248 1849 390 1946; x_wconf 82' lang='lat' dir='ltr'>primum</span> <span class='ocrx_word' id='word_1_92' title='bbox 423 1850 529 1916; x_wconf 88' lang='lat' dir='ltr'>oblata</span> <span class='ocrx_word' id='word_1_93' title='bbox 555 1849 611 1916; x_wconf 85' lang='lat' dir='ltr'>virt</span> <span class='ocrx_word' id='word_1_94' title='bbox 634 1851 734 1918; x_wconf 88' lang='lat' dir='ltr'>risum</span> <span class='ocrx_word' id='word_1_95' title='bbox 761 1866 928 1938; x_wconf 82' lang='lat' dir='ltr'>tenemus3</span> <span class='ocrx_word' id='word_1_96' title='bbox 956 1855 1085 1942; x_wconf 85' lang='lat' dir='ltr'>eadem,¹</span> <span class='ocrx_word' id='word_1_97' title='bbox 1116 1851 1178 1928; x_wconf 85' lang='lat' dir='ltr'>ubi</span> 
     </span>
     <span class='ocr_line' id='line_1_15' title="bbox 248 1967 1179 2056; baseline 0.003 -23"><span class='ocrx_word' id='word_1_98' title='bbox 248 1968 396 2051; x_wconf 85' lang='lat' dir='ltr'>exemplo</span> <span class='ocrx_word' id='word_1_99' title='bbox 414 1980 445 2032; x_wconf 92' lang='lat' dir='ltr'>et</span> <span class='ocrx_word' id='word_1_100' title='bbox 462 1967 696 2034; x_wconf 82' lang='lat' dir='ltr'>consuetudine</span> <span class='ocrx_word' id='word_1_101' title='bbox 713 1971 934 2046; x_wconf 84' lang='lat' dir='ltr'>auctoritatem</span> <span class='ocrx_word' id='word_1_102' title='bbox 949 1970 1063 2054; x_wconf 79' lang='lat' dir='ltr'>adepta,</span> <span class='ocrx_word' id='word_1_103' title='bbox 1080 1982 1179 2056; x_wconf 71' lang='lat' dir='ltr'>sunt²</span> 
     </span>
     <span class='ocr_line' id='line_1_16' title="bbox 247 2081 1179 2176; baseline 0.001 -28"><span class='ocrx_word' id='word_1_104' title='bbox 247 2083 473 2169; x_wconf 72' lang='lat' dir='ltr'>amplectimur</span> <span class='ocrx_word' id='word_1_105' title='bbox 494 2097 525 2156; x_wconf 86' lang='lat' dir='ltr'>et</span> <span class='ocrx_word' id='word_1_106' title='bbox 544 2082 639 2156; x_wconf 87' lang='lat' dir='ltr'>unice</span> <span class='ocrx_word' id='word_1_107' title='bbox 655 2085 791 2176; x_wconf 81' lang='lat' dir='ltr'>pulchra</span> <span class='ocrx_word' id='word_1_108' title='bbox 804 2084 1001 2170; x_wconf 70' lang='lat' dir='ltr'>judicamus,</span> <span class='ocrx_word' id='word_1_109' title='bbox 1036 2081 1179 2151; x_wconf 80' lang='lat' dir='ltr'>Audivi·</span> 
     </span>
     <span class='ocr_line' id='line_1_17' title="bbox 248 2197 1179 2285; baseline -0.002 -17"><span class='ocrx_word' id='word_1_110' title='bbox 248 2219 323 2268; x_wconf 88' lang='lat' dir='ltr'>mus</span> <span class='ocrx_word' id='word_1_111' title='bbox 347 2197 452 2276; x_wconf 79' lang='lat' dir='ltr'>fuisse</span> <span class='ocrx_word' id='word_1_112' title='bbox 477 2199 614 2283; x_wconf 88' lang='lat' dir='ltr'>doctos,</span> <span class='ocrx_word' id='word_1_113' title='bbox 643 2201 700 2282; x_wconf 91' lang='lat' dir='ltr'>qui</span> <span class='ocrx_word' id='word_1_114' title='bbox 730 2217 851 2285; x_wconf 90' lang='lat' dir='ltr'>praeter</span> <span class='ocrx_word' id='word_1_115' title='bbox 876 2223 911 2270; x_wconf 89' lang='lat' dir='ltr'>se</span> <span class='ocrx_word' id='word_1_116' title='bbox 934 2203 1091 2269; x_wconf 83' lang='lat' dir='ltr'>neminem</span> <span class='ocrx_word' id='word_1_117' title='bbox 1115 2201 1179 2266; x_wconf 91' lang='lat' dir='ltr'>do·</span> 
     </span>
     <span class='ocr_line' id='line_1_18' title="bbox 248 2317 1176 2411; baseline 0.003 -28"><span class='ocrx_word' id='word_1_118' title='bbox 248 2338 336 2394; x_wconf 80' lang='lat' dir='ltr'>ctum</span> <span class='ocrx_word' id='word_1_119' title='bbox 354 2333 515 2402; x_wconf 80' lang='lat' dir='ltr'>putarent.</span> <span class='ocrx_word' id='word_1_120' title='bbox 534 2317 679 2398; x_wconf 82' lang='lat' dir='ltr'>Fuerunt</span> <span class='ocrx_word' id='word_1_121' title='bbox 696 2320 751 2386; x_wconf 87' lang='lat' dir='ltr'>alii</span> <span class='ocrx_word' id='word_1_122' title='bbox 766 2323 933 2404; x_wconf 78' lang='lat' dir='ltr'>aequiores</span> <span class='ocrx_word' id='word_1_123' title='bbox 952 2320 1176 2411; x_wconf 85' lang='lat' dir='ltr'>quidem‚qui</span> 
     </span>
     <span class='ocr_line' id='line_1_19' title="bbox 247 2435 1177 2520; baseline 0.006 -26"><span class='ocrx_word' id='word_1_124' title='bbox 247 2449 372 2516; x_wconf 85' lang='lat' dir='ltr'>praeter</span> <span class='ocrx_word' id='word_1_125' title='bbox 389 2451 424 2506; x_wconf 89' lang='lat' dir='ltr'>se</span> <span class='ocrx_word' id='word_1_126' title='bbox 441 2451 563 2517; x_wconf 82' lang='lat' dir='ltr'>paucos</span> <span class='ocrx_word' id='word_1_127' title='bbox 590 2451 661 2502; x_wconf 89' lang='lat' dir='ltr'>esse</span> <span class='ocrx_word' id='word_1_128' title='bbox 676 2435 793 2508; x_wconf 88' lang='lat' dir='ltr'>doctos</span> <span class='ocrx_word' id='word_1_129' title='bbox 809 2437 1019 2520; x_wconf 77' lang='lat' dir='ltr'>largirentur,</span> <span class='ocrx_word' id='word_1_130' title='bbox 1041 2435 1097 2502; x_wconf 89' lang='lat' dir='ltr'>sed</span> <span class='ocrx_word' id='word_1_131' title='bbox 1112 2451 1177 2510; x_wconf 77' lang='lat' dir='ltr'>eoa</span> 
     </span>
     <span class='ocr_line' id='line_1_20' title="bbox 247 2539 1177 2642; baseline 0.003 -31"><span class='ocrx_word' id='word_1_132' title='bbox 247 2539 317 2620; x_wconf 81' lang='lat' dir='ltr'>fere</span> <span class='ocrx_word' id='word_1_133' title='bbox 343 2547 455 2624; x_wconf 76' lang='lat' dir='ltr'>iisdem</span> <span class='ocrx_word' id='word_1_134' title='bbox 487 2565 586 2638; x_wconf 89' lang='lat' dir='ltr'>atque</span> <span class='ocrx_word' id='word_1_135' title='bbox 610 2549 675 2642; x_wconf 88' lang='lat' dir='ltr'>ipsi</span> <span class='ocrx_word' id='word_1_136' title='bbox 703 2551 821 2622; x_wconf 85' lang='lat' dir='ltr'>studiis</span> <span class='ocrx_word' id='word_1_137' title='bbox 849 2552 1020 2633; x_wconf 80' lang='lat' dir='ltr'>eademque</span> <span class='ocrx_word' id='word_1_138' title='bbox 1048 2549 1177 2627; x_wconf 78' lang='lat' dir='ltr'>ratione</span> 
     </span>
     <span class='ocr_line' id='line_1_21' title="bbox 249 2663 1176 2760; baseline -0.002 -26"><span class='ocrx_word' id='word_1_139' title='bbox 249 2665 387 2734; x_wconf 87' lang='lat' dir='ltr'>deditos.</span> <span class='ocrx_word' id='word_1_140' title='bbox 432 2663 495 2730; x_wconf 86' lang='lat' dir='ltr'>Sed</span> <span class='ocrx_word' id='word_1_141' title='bbox 512 2665 592 2760; x_wconf 87' lang='lat' dir='ltr'>quid</span> <span class='ocrx_word' id='word_1_142' title='bbox 612 2669 727 2736; x_wconf 88' lang='lat' dir='ltr'>doctos</span> <span class='ocrx_word' id='word_1_143' title='bbox 743 2665 872 2744; x_wconf 70' lang='lat' dir='ltr'>dicam?</span> <span class='ocrx_word' id='word_1_144' title='bbox 915 2667 1017 2742; x_wconf 85' lang='lat' dir='ltr'>Nulla</span> <span class='ocrx_word' id='word_1_145' title='bbox 1035 2679 1083 2738; x_wconf 83' lang='lat' dir='ltr'>est</span> <span class='ocrx_word' id='word_1_146' title='bbox 1099 2683 1176 2750; x_wconf 73' lang='lat' dir='ltr'>ars,</span> 
     </span>
     <span class='ocr_line' id='line_1_22' title="bbox 240 2781 1176 2872; baseline 0.002 -26"><span class='ocrx_word' id='word_1_147' title='bbox 240 2781 373 2858; x_wconf 32' lang='lat' dir='ltr'>*mullum</span> <span class='ocrx_word' id='word_1_148' title='bbox 393 2781 561 2872; x_wconf 64' lang='lat' dir='ltr'>studium,</span> <span class='ocrx_word' id='word_1_149' title='bbox 582 2783 670 2850; x_wconf 86' lang='lat' dir='ltr'>nulla</span> <span class='ocrx_word' id='word_1_150' title='bbox 697 2783 790 2864; x_wconf 86' lang='lat' dir='ltr'>laus,</span> <span class='ocrx_word' id='word_1_151' title='bbox 822 2781 880 2856; x_wconf 88' lang='lat' dir='ltr'>ubi</span> <span class='ocrx_word' id='word_1_152' title='bbox 905 2799 974 2860; x_wconf 83' lang='lat' dir='ltr'>non</span> <span class='ocrx_word' id='word_1_153' title='bbox 1000 2781 1062 2847; x_wconf 90' lang='lat' dir='ltr'>iste</span> <span class='ocrx_word' id='word_1_154' title='bbox 1086 2796 1176 2852; x_wconf 78' lang='lat' dir='ltr'>error</span> 
     </span>
     <span class='ocr_line' id='line_1_23' title="bbox 218 2897 1172 2994; baseline -0.002 -28"><span class='ocrx_word' id='word_1_155' title='bbox 218 2929 219 2936; x_wconf 15' lang='grc' dir='ltr'><strong>κ</strong></span> <span class='ocrx_word' id='word_1_156' title='bbox 247 2897 440 2972; x_wconf 82' lang='lat' dir='ltr'>dominetur,</span> <span class='ocrx_word' id='word_1_157' title='bbox 485 2897 537 2963; x_wconf 91' lang='lat' dir='ltr'>Ne</span> <span class='ocrx_word' id='word_1_158' title='bbox 553 2899 643 2984; x_wconf 87' lang='lat' dir='ltr'>ipsae</span> <span class='ocrx_word' id='word_1_159' title='bbox 664 2900 799 2994; x_wconf 79' lang='lat' dir='ltr'>quidem</span> <span class='ocrx_word' id='word_1_160' title='bbox 809 2899 949 2984; x_wconf 88' lang='lat' dir='ltr'>integrae</span> <span class='ocrx_word' id='word_1_161' title='bbox 970 2897 1107 2966; x_wconf 89' lang='lat' dir='ltr'>suntab</span> <span class='ocrx_word' id='word_1_162' title='bbox 1131 2914 1172 2964; x_wconf 89' lang='lat' dir='ltr'>eo</span> 
     </span>
     <span class='ocr_line' id='line_1_24' title="bbox 246 3009 1171 3107; baseline -0.009 -27"><span class='ocrx_word' id='word_1_163' title='bbox 246 3009 409 3088; x_wconf 86' lang='lat' dir='ltr'>Virtutes.</span> <span class='ocrx_word' id='word_1_164' title='bbox 455 3011 547 3107; x_wconf 86' lang='lat' dir='ltr'>Quae</span> <span class='ocrx_word' id='word_1_165' title='bbox 572 3017 696 3092; x_wconf 83' lang='lat' dir='ltr'>tandem</span> <span class='ocrx_word' id='word_1_166' title='bbox 723 3027 772 3088; x_wconf 88' lang='lat' dir='ltr'>est</span> <span class='ocrx_word' id='word_1_167' title='bbox 800 3014 926 3100; x_wconf 85' lang='lat' dir='ltr'>gravior</span> <span class='ocrx_word' id='word_1_168' title='bbox 947 3027 980 3084; x_wconf 80' lang='lat' dir='ltr'>et</span> <span class='ocrx_word' id='word_1_169' title='bbox 1004 3011 1171 3097; x_wconf 73' lang='lat' dir='ltr'>sanctior,</span> 
     </span>
     <span class='ocr_line' id='line_1_25' title="bbox 210 3126 1172 3228; baseline -0.002 -34"><span class='ocrx_word' id='word_1_170' title='bbox 210 3146 346 3228; x_wconf 80' lang='lat' dir='ltr'>¹eaque</span> <span class='ocrx_word' id='word_1_171' title='bbox 385 3131 535 3219; x_wconf 74' lang='lat' dir='ltr'>nomine,</span> <span class='ocrx_word' id='word_1_172' title='bbox 574 3133 698 3204; x_wconf 82' lang='lat' dir='ltr'>urinam</span> <span class='ocrx_word' id='word_1_173' title='bbox 730 3132 823 3199; x_wconf 88' lang='lat' dir='ltr'>etiarn</span> <span class='ocrx_word' id='word_1_174' title='bbox 852 3129 905 3202; x_wconf 76' lang='lat' dir='ltr'>rei</span> <span class='ocrx_word' id='word_1_175' title='bbox 944 3126 1172 3214; x_wconf 86' lang='lat' dir='ltr'>frequentior,</span> 
     </span>
    </p>
   </div>
   <div class='ocr_carea' id='block_1_3' title="bbox 177 3243 1171 3329">
    <p class='ocr_par' dir='ltr' id='par_1_3' title="bbox 177 3243 1171 3329">
     <span class='ocr_line' id='line_1_26' title="bbox 177 3243 1171 3329; baseline 0.015 -22"><span class='ocrx_word' id='word_1_176' title='bbox 177 3258 181 3268; x_wconf 59' lang='lat'><em>¹</em></span> <span class='ocrx_word' id='word_1_177' title='bbox 245 3243 384 3328; x_wconf 81' lang='lat' dir='ltr'>Virtus,</span> <span class='ocrx_word' id='word_1_178' title='bbox 405 3265 511 3323; x_wconf 78' lang='lat' dir='ltr'>amore</span> <span class='ocrx_word' id='word_1_179' title='bbox 533 3247 679 3324; x_wconf 74' lang='lat' dir='ltr'>Patriae?</span> <span class='ocrx_word' id='word_1_180' title='bbox 732 3249 858 3329; x_wconf 84' lang='lat' dir='ltr'>Atqui,</span> <span class='ocrx_word' id='word_1_181' title='bbox 881 3247 997 3325; x_wconf 88' lang='lat' dir='ltr'>credo,</span> <span class='ocrx_word' id='word_1_182' title='bbox 1028 3259 1061 3309; x_wconf 92' lang='lat' dir='ltr'>et</span> <span class='ocrx_word' id='word_1_183' title='bbox 1089 3259 1171 3322; x_wconf 71' lang='lat' dir='ltr'>sunt</span> 
     </span>
    </p>
   </div>
   <div class='ocr_carea' id='block_1_4' title="bbox 243 3359 1171 3922">
    <p class='ocr_par' dir='ltr' id='par_1_4' title="bbox 243 3359 1171 3922">
     <span class='ocr_line' id='line_1_27' title="bbox 245 3359 1170 3454; baseline 0.003 -26"><span class='ocrx_word' id='word_1_184' title='bbox 245 3377 275 3442; x_wconf 80' lang='lat' dir='ltr'>et</span> <span class='ocrx_word' id='word_1_185' title='bbox 299 3359 431 3442; x_wconf 82' lang='lat' dir='ltr'>fuerunt</span> <span class='ocrx_word' id='word_1_186' title='bbox 459 3367 626 3448; x_wconf 69' lang='lat' dir='ltr'>homines,</span> <span class='ocrx_word' id='word_1_187' title='bbox 655 3365 734 3440; x_wconf 85' lang='lat' dir='ltr'>boni</span> <span class='ocrx_word' id='word_1_188' title='bbox 763 3365 891 3454; x_wconf 84' lang='lat' dir='ltr'>quidem</span> <span class='ocrx_word' id='word_1_189' title='bbox 919 3362 966 3426; x_wconf 90' lang='lat' dir='ltr'>iiii</span> <span class='ocrx_word' id='word_1_190' title='bbox 993 3375 1024 3424; x_wconf 90' lang='lat' dir='ltr'>et</span> <span class='ocrx_word' id='word_1_191' title='bbox 1047 3359 1170 3431; x_wconf 84' lang='lat' dir='ltr'>Patriae</span> 
     </span>
     <span class='ocr_line' id='line_1_28' title="bbox 244 3469 1169 3568; baseline 0 -25"><span class='ocrx_word' id='word_1_192' title='bbox 244 3493 420 3560; x_wconf 78' lang='lat' dir='ltr'>amantes,</span> <span class='ocrx_word' id='word_1_193' title='bbox 448 3479 505 3564; x_wconf 89' lang='lat' dir='ltr'>qui</span> <span class='ocrx_word' id='word_1_194' title='bbox 539 3479 687 3568; x_wconf 85' lang='lat' dir='ltr'>quemvis</span> <span class='ocrx_word' id='word_1_195' title='bbox 712 3469 809 3546; x_wconf 85' lang='lat' dir='ltr'>aliurn</span> <span class='ocrx_word' id='word_1_196' title='bbox 841 3493 873 3554; x_wconf 80' lang='lat' dir='ltr'>et</span> <span class='ocrx_word' id='word_1_197' title='bbox 905 3477 1013 3566; x_wconf 85' lang='lat' dir='ltr'>ipsum</span> <span class='ocrx_word' id='word_1_198' title='bbox 1047 3473 1169 3554; x_wconf 81' lang='lat' dir='ltr'>Patriae</span> 
     </span>
     <span class='ocr_line' id='line_1_29' title="bbox 246 3594 1167 3686; baseline 0.003 -29"><span class='ocrx_word' id='word_1_199' title='bbox 246 3609 424 3675; x_wconf 88' lang='lat' dir='ltr'>amantem,</span> <span class='ocrx_word' id='word_1_200' title='bbox 447 3598 504 3670; x_wconf 88' lang='lat' dir='ltr'>sed</span> <span class='ocrx_word' id='word_1_201' title='bbox 531 3597 620 3672; x_wconf 84' lang='lat' dir='ltr'>aliter</span> <span class='ocrx_word' id='word_1_202' title='bbox 644 3611 821 3686; x_wconf 77' lang='lat' dir='ltr'>amantem,</span> <span class='ocrx_word' id='word_1_203' title='bbox 852 3610 883 3661; x_wconf 88' lang='lat' dir='ltr'>et</span> <span class='ocrx_word' id='word_1_204' title='bbox 910 3594 982 3661; x_wconf 89' lang='lat' dir='ltr'>aliis</span> <span class='ocrx_word' id='word_1_205' title='bbox 1007 3595 1043 3661; x_wconf 89' lang='lat' dir='ltr'>io</span> <span class='ocrx_word' id='word_1_206' title='bbox 1071 3595 1167 3667; x_wconf 84' lang='lat' dir='ltr'>rebus</span> 
     </span>
     <span class='ocr_line' id='line_1_30' title="bbox 245 3709 1171 3797; baseline 0.004 -20"><span class='ocrx_word' id='word_1_207' title='bbox 245 3709 509 3797; x_wconf 61' lang='lat' dir='ltr'>dissentientem,</span> <span class='ocrx_word' id='word_1_208' title='bbox 539 3714 662 3781; x_wconf 85' lang='lat' dir='ltr'>Patriae</span> <span class='ocrx_word' id='word_1_209' title='bbox 687 3731 790 3782; x_wconf 87' lang='lat' dir='ltr'>tamen</span> <span class='ocrx_word' id='word_1_210' title='bbox 822 3714 945 3786; x_wconf 86' lang='lat' dir='ltr'>hostem</span> <span class='ocrx_word' id='word_1_211' title='bbox 968 3727 1001 3781; x_wconf 81' lang='lat' dir='ltr'>et</span> <span class='ocrx_word' id='word_1_212' title='bbox 1024 3713 1171 3796; x_wconf 66' lang='lat' dir='ltr'>proditm</span> 
     </span>
     <span class='ocr_line' id='line_1_31' title="bbox 243 3824 1168 3922; baseline -0.011 -24"><span class='ocrx_word' id='word_1_213' title='bbox 243 3843 308 3906; x_wconf 75' lang='lat' dir='ltr'>ren</span> <span class='ocrx_word' id='word_1_214' title='bbox 332 3829 538 3922; x_wconf 50' lang='lat' dir='ltr'>appellarent</span> <span class='ocrx_word' id='word_1_215' title='bbox 586 3827 760 3920; x_wconf 72' lang='lat' dir='ltr'>Ceterum,</span> <span class='ocrx_word' id='word_1_216' title='bbox 784 3827 814 3902; x_wconf 85' lang='lat' dir='ltr'>si</span> <span class='ocrx_word' id='word_1_217' title='bbox 837 3845 927 3902; x_wconf 75' lang='lat' dir='ltr'>error</span> <span class='ocrx_word' id='word_1_218' title='bbox 952 3829 1037 3918; x_wconf 76' lang='lat' dir='ltr'>iste,</span> <span class='ocrx_word' id='word_1_219' title='bbox 1061 3840 1098 3893; x_wconf 91' lang='lat' dir='ltr'>ut</span> <span class='ocrx_word' id='word_1_220' title='bbox 1120 3824 1168 3888; x_wconf 69' lang='lat' dir='ltr'>vn</span> 
     </span>
    </p>
   </div>
   <div class='ocr_carea' id='block_1_5' title="bbox 1118 3939 1166 4018">
    <p class='ocr_par' dir='ltr' id='par_1_5' title="bbox 1118 3939 1166 4018">
     <span class='ocr_line' id='line_1_32' title="bbox 1118 3939 1166 4018; baseline 0 -18"><span class='ocrx_word' id='word_1_221' title='bbox 1118 3939 1166 4018; x_wconf 71' lang='lat' dir='ltr'>di·</span> 
     </span>
    </p>
   </div>
   <div class='ocr_carea' id='block_1_6' title="bbox 0 0 1286 4708">
    <p class='ocr_par' dir='ltr' id='par_1_6' title="bbox 0 0 1286 4708">
     <span class='ocr_line' id='line_1_33' title="bbox 0 0 1286 4708; baseline 0 1"><span class='ocrx_word' id='word_1_222' title='bbox 0 0 1286 4708; x_wconf 95' lang='lat' dir='ltr'> </span> 
     </span>
    </p>
   </div>
  </div>
 </body>
</html>
