2470 4724
163 285 296 364 utun
331 283 378 364 n.
415 289 753 367 unumunurn
855 289 974 382 sor-f

6 475 241 564 lentoremque
262 491 327 546 tam
346 476 435 546 brevi
453 490 596 562 tempore
620 479 771 562 potuisse
786 493 916 565 compa·
999 527 1002 534 .

6 599 74 680 nri,
97 598 140 662 ita
166 592 268 677 magis
295 591 388 660 etiam
416 591 572 673 miretur,
594 590 624 658 si
639 593 763 676 cogitet
780 609 918 675 quanto-

6 735 65 800 rere
86 714 170 782 illud
198 726 327 795 tempos
359 711 430 779 aliis
455 711 542 778 curis
566 711 772 796 negotiisque
803 712 920 780 distrao

6 849 79 898 ttum
101 809 366 914 oeeupttumque
382 825 491 894 fuerin
536 827 618 894 Nam
634 807 752 894 interea
768 829 923 895 amantis·
952 909 962 932 ,

6 949 76 1014 tirno
94 943 199 1028 ipsius
226 942 318 1026 vlro,
337 941 453 1028 Joanni
482 942 652 1040 milonio,
674 943 847 1032 Tireologo
872 945 922 1012 ina

6 1077 37 1126 er
52 1059 193 1126 Batavos
214 1051 338 1124 Graece
357 1058 572 1138 doctissimo,
595 1057 629 1123 in
650 1060 788 1128 ornanda
813 1065 927 1144 expo?

6 1167 159 1252 iendaque
190 1169 348 1253 Hesychii
375 1168 516 1237 editione
541 1170 629 1236 haud
653 1173 917 1266 contemnendam

6 1286 171 1353 rraestabat
202 1303 360 1370 operrmt
398 1288 543 1372 eumdem
576 1285 663 1371 gravi
696 1287 811 1355 morbo
842 1289 917 1358 alili·

6 1419 102 1485 :tnm‚
125 1401 341 1472 restituendae
356 1402 527 1470 valitudini
550 1402 659 1486 fontes
676 1405 842 1488 Spadtnos
858 1425 915 1490 pe·

6 1535 131 1602 entem,
153 1501 194 1586 ἑο
220 1518 395 1586 comitatus
421 1537 495 1604 est,
518 1521 623 1591 medio
649 1521 731 1588 inter
748 1522 920 1605 utriusque

6 1635 161 1718 ipistolae
179 1633 353 1702 editionem
376 1653 482 1722 tuno,
506 1637 606 1722 hujus
623 1637 741 1704 saeculi
762 1637 921 1723 quinquae

6 1753 131 1836 ‚tsimot
175 1749 277 1816 Porro
302 1767 375 1816 cum
395 1769 457 1817 suo
482 1751 553 1835 ipse
576 1754 726 1836 nomine,
748 1767 817 1820 tum
842 1751 921 1820 ami·

6 1885 108 1938 nrum
126 1864 383 1948 consuetudine,
406 1881 438 1933 et
459 1869 605 1953 alumnit
628 1873 723 1958 eujus
745 1871 852 1939 studit
872 1890 920 1940 roa

6 1985 112 2070 rebat,
148 1984 288 2061 causei,
319 1981 353 2048 ln
377 1985 572 2068 multorum,
601 1987 693 2054 etism
719 1986 919 2076 illustrium,

6 2099 161 2164 rominu'm
184 2092 434 2164 familiaritatem
456 2099 695 2186 amicitiamque
715 2119 920 2187 pervenerata

6 2234 86 2297 ruam
106 2225 145 2280 ut
163 2211 331 2296 retineret,
352 2227 461 2283 eorum
479 2217 551 2302 ipse
565 2233 597 2286 et
613 2219 729 2287 'domus
744 2219 940 2304 frequentat-⁸

6 2351 46 2414 e,
67 2345 100 2398 et
123 2333 327 2399 voluntatem
351 2333 541 2418 observare,
565 2352 597 2406 tt
621 2338 739 2406 studiis
757 2338 921 2425 obsequi,

6 2448 138 2516 tenebat.
183 2445 273 2531 lirgo
302 2467 447 2536 magnam
474 2453 629 2537 temporis
655 2469 776 2539 partem
799 2453 922 2523 aufere·

7 2579 71 2632 rant
91 2561 329 2647 saturationes,
348 2581 566 2653 congressus,
589 2571 762 2654 convivio,
784 2572 921 2642 rustica·

7 2683 121 2765 iones,
147 2680 475 2768 aliaquehujusmodi
492 2685 609 2782 officia.
655 2675 829 2770 Arunda,
856 2709 921 2772 qut

7 2813 58 2865 erat
76 2813 211 2866 naturae
235 2796 416 2879 facilitate,
438 2799 514 2866 haee
537 2802 742 2869 incommode
764 2803 806 2869 ad
832 2804 924 2874 Lite·

7 2927 98 2978 ‚urum
116 2931 250 2982 suarum
280 2916 528 2998 studiorumque
551 2917 719 2983 commoda
742 2915 919 2988 referebatt

7 3045 26 3096 π
58 3049 134 3097 cum
163 3033 243 3099 elios
270 3029 414 3115 percepit
453 3031 640 3101 istiusmodi
663 3033 747 3100 vitae
772 3027 922 3118 inlotus,

7 3167 59 3214 *nm
80 3149 167 3214 duos
189 3145 354 3231 inprimis
375 3147 460 3224 host
488 3147 646 3230 alterum,
669 3163 706 3216 ut
727 3164 925 3221 assuesceret

7 3265 183 3336 rubsoeivrs
200 3265 296 3332 horas
314 3279 463 3348 captare,
485 3261 673 3349 Literlsque
686 3286 740 3334 ets
760 3263 922 3353 tribuere,

7 3401 31 3448 rc
57 3397 187 3452 tantum
215 3379 327 3448 subito
353 3393 385 3448 et
412 3397 451 3447 ex
474 3379 599 3466 impetu
624 3381 743 3448 efficere
765 3395 924 3464 quantum

7 3501 47 3566 lii
70 3519 110 3568 ex
136 3511 324 3582 praeparato
356 3513 393 3564 tt
415 3493 589 3564 meditatos
612 3497 770 3580 alterum,
793 3509 830 3562 ut
853 3501 926 3564 cot·

7 3635 56 3698 tus
84 3619 298 3699 animumque
321 3618 339 3683 i
364 3615 545 3708 studiorum
574 3613 753 3684 intentione
772 3613 925 3682 aliorum·

8 3747 57 3816 tue
86 3734 296 3823 negotiorum
331 3733 477 3802 satietate
501 3747 653 3801 recrearet
683 3731 924 3818 ambulatione,

8 3863 111 3936 notu,
132 3867 256 3937 sumu,
279 3845 447 3933 inprimis
473 3845 664 3932 venatione,
686 3861 784 3932 atque
800 3847 845 3915 ite
867 3861 924 3914 na·

448 3963 514 4034 Nn
873 3971 928 4028 tu·
1047 3956 1054 3968 '
