<?xml version="1.0" encoding="UTF-8"?>
<!DOCTYPE html PUBLIC "-//W3C//DTD XHTML 1.0 Transitional//EN"
    "http://www.w3.org/TR/xhtml1/DTD/xhtml1-transitional.dtd">
<html xmlns="http://www.w3.org/1999/xhtml" xml:lang="en" lang="en">
 <head>
  <title>
</title>
<meta http-equiv="Content-Type" content="text/html;charset=utf-8" />
  <meta name='ocr-system' content='tesseract 3.04.00' />
  <meta name='ocr-capabilities' content='ocr_page ocr_carea ocr_par ocr_line ocrx_word'/>
</head>
<body>
  <div class='ocr_page' id='page_1' title='image "./opusculavariiar01wyttgoog_0121.png"; bbox 0 0 2572 4710; ppageno 0'>
   <div class='ocr_carea' id='block_1_1' title="bbox 93 265 1035 376">
    <p class='ocr_par' dir='ltr' id='par_1_1' title="bbox 93 265 1035 390">
     <span class='ocr_line' id='line_1_1' title="bbox 93 265 1035 376; baseline -0.006 -10"><span class='ocrx_word' id='word_1_1' title='bbox 93 309 101 328; x_wconf 94' lang='lat'><strong>·</strong></span> <span class='ocrx_word' id='word_1_2' title='bbox 195 285 198 300; x_wconf 57' lang='lat'><em>¹</em></span> <span class='ocrx_word' id='word_1_3' title='bbox 242 283 307 366; x_wconf 76' lang='lat' dir='ltr'><strong>&#39;rot</strong></span> <span class='ocrx_word' id='word_1_4' title='bbox 388 265 563 362; x_wconf 77' lang='lat' dir='ltr'><strong>ortano</strong></span> <span class='ocrx_word' id='word_1_5' title='bbox 586 285 646 358; x_wconf 84' lang='lat' dir='ltr'><strong>nn</strong></span> <span class='ocrx_word' id='word_1_6' title='bbox 668 279 1035 376; x_wconf 73' lang='lat' dir='ltr'><strong>contuncrronr·</strong></span> 
     </span>
    </p>
   </div>
   <div class='ocr_carea' id='block_1_2' title="bbox 209 465 1171 3912">
    <p class='ocr_par' dir='ltr' id='par_1_2' title="bbox 209 465 1171 3824">
     <span class='ocr_line' id='line_1_2' title="bbox 243 465 1168 562; baseline -0.001 -13"><span class='ocrx_word' id='word_1_7' title='bbox 243 495 314 549; x_wconf 87' lang='lat' dir='ltr'><strong>nem</strong></span> <span class='ocrx_word' id='word_1_8' title='bbox 331 493 432 548; x_wconf 89' lang='lat' dir='ltr'><strong>totam</strong></span> <span class='ocrx_word' id='word_1_9' title='bbox 450 465 535 546; x_wconf 81' lang='lat' dir='ltr'><strong>vitae</strong></span> <span class='ocrx_word' id='word_1_10' title='bbox 552 477 705 546; x_wconf 90' lang='lat' dir='ltr'><strong>rationem</strong></span> <span class='ocrx_word' id='word_1_11' title='bbox 732 475 876 545; x_wconf 83' lang='lat' dir='ltr'><strong>instituit</strong></span> <span class='ocrx_word' id='word_1_12' title='bbox 904 477 1062 562; x_wconf 87' lang='lat' dir='ltr'><strong>Pericles,</strong></span> <span class='ocrx_word' id='word_1_13' title='bbox 1083 477 1168 548; x_wconf 88' lang='lat' dir='ltr'><strong>hanc</strong></span> 
     </span>
     <span class='ocr_line' id='line_1_3' title="bbox 240 590 1165 674; baseline -0.004 -10"><span class='ocrx_word' id='word_1_14' title='bbox 240 590 375 664; x_wconf 81' lang='lat' dir='ltr'><strong>&#39;secutus</strong></span> <span class='ocrx_word' id='word_1_15' title='bbox 397 609 448 662; x_wconf 91' lang='lat' dir='ltr'><strong>est</strong></span> <span class='ocrx_word' id='word_1_16' title='bbox 471 594 585 674; x_wconf 86' lang='lat' dir='ltr'><strong>Plato,</strong></span> <span class='ocrx_word' id='word_1_17' title='bbox 607 593 688 658; x_wconf 86' lang='lat' dir='ltr'><strong>hanc</strong></span> <span class='ocrx_word' id='word_1_18' title='bbox 715 590 843 673; x_wconf 86' lang='lat' dir='ltr'><strong>Stoici,</strong></span> <span class='ocrx_word' id='word_1_19' title='bbox 873 590 955 658; x_wconf 88' lang='lat' dir='ltr'><strong>hanc</strong></span> <span class='ocrx_word' id='word_1_20' title='bbox 978 611 1088 674; x_wconf 84' lang='lat' dir='ltr'><strong>omnes</strong></span> <span class='ocrx_word' id='word_1_21' title='bbox 1111 611 1165 660; x_wconf 89' lang='lat' dir='ltr'><strong>ve·</strong></span> 
     </span>
     <span class='ocr_line' id='line_1_4' title="bbox 236 703 1165 794; baseline -0.006 -16"><span class='ocrx_word' id='word_1_22' title='bbox 236 725 343 794; x_wconf 88' lang='lat' dir='ltr'><strong>teres,</strong></span> <span class='ocrx_word' id='word_1_23' title='bbox 367 709 425 794; x_wconf 90' lang='lat' dir='ltr'><strong>qni</strong></span> <span class='ocrx_word' id='word_1_24' title='bbox 444 707 596 775; x_wconf 86' lang='lat' dir='ltr'><strong>omnibus</strong></span> <span class='ocrx_word' id='word_1_25' title='bbox 620 704 741 790; x_wconf 83' lang='lat' dir='ltr'><strong>ingenii</strong></span> <span class='ocrx_word' id='word_1_26' title='bbox 758 703 883 772; x_wconf 83' lang='lat' dir='ltr'><strong>viribus</strong></span> <span class='ocrx_word' id='word_1_27' title='bbox 899 704 933 771; x_wconf 92' lang='lat' dir='ltr'><strong>in</strong></span> <span class='ocrx_word' id='word_1_28' title='bbox 949 704 1165 787; x_wconf 66' lang='lat' dir='ltr'><strong>pulchritudir</strong></span> 
     </span>
     <span class='ocr_line' id='line_1_5' title="bbox 236 821 1171 906; baseline -0.009 -9"><span class='ocrx_word' id='word_1_29' title='bbox 236 829 291 897; x_wconf 87' lang='lat' dir='ltr'><strong>&#39;nis</strong></span> <span class='ocrx_word' id='word_1_30' title='bbox 316 845 421 896; x_wconf 84' lang='lat' dir='ltr'><strong>veram</strong></span> <span class='ocrx_word' id='word_1_31' title='bbox 448 823 613 894; x_wconf 88' lang='lat' dir='ltr'><strong>notionem</strong></span> <span class='ocrx_word' id='word_1_32' title='bbox 637 821 901 906; x_wconf 76' lang='lat' dir='ltr'><strong>inqtrisirerun23</strong></span> <span class='ocrx_word' id='word_1_33' title='bbox 924 839 1025 904; x_wconf 88' lang='lat' dir='ltr'><strong>eaque</strong></span> <span class='ocrx_word' id='word_1_34' title='bbox 1048 823 1171 890; x_wconf 84' lang='lat' dir='ltr'><strong>deserta</strong></span> 
     </span>
     <span class='ocr_line' id='line_1_6' title="bbox 234 939 1167 1030; baseline -0.005 -20"><span class='ocrx_word' id='word_1_35' title='bbox 234 945 296 1030; x_wconf 89' lang='lat' dir='ltr'><strong>&#39;per</strong></span> <span class='ocrx_word' id='word_1_36' title='bbox 317 943 451 1028; x_wconf 88' lang='lat' dir='ltr'><strong>longnrn</strong></span> <span class='ocrx_word' id='word_1_37' title='bbox 477 957 606 1025; x_wconf 84' lang='lat' dir='ltr'><strong>tempus</strong></span> <span class='ocrx_word' id='word_1_38' title='bbox 631 951 663 1009; x_wconf 88' lang='lat' dir='ltr'><strong>et</strong></span> <span class='ocrx_word' id='word_1_39' title='bbox 679 939 812 1022; x_wconf 86' lang='lat' dir='ltr'><strong>relicta,</strong></span> <span class='ocrx_word' id='word_1_40' title='bbox 836 941 963 1006; x_wconf 89' lang='lat' dir='ltr'><strong>tandem</strong></span> <span class='ocrx_word' id='word_1_41' title='bbox 988 939 1167 1008; x_wconf 86' lang='lat' dir='ltr'><strong>novissima</strong></span> 
     </span>
     <span class='ocr_line' id='line_1_7' title="bbox 238 1053 1168 1142; baseline -0.003 -13"><span class='ocrx_word' id='word_1_42' title='bbox 238 1053 297 1128; x_wconf 88' lang='lat' dir='ltr'><strong>hac</strong></span> <span class='ocrx_word' id='word_1_43' title='bbox 321 1076 425 1128; x_wconf 85' lang='lat' dir='ltr'><strong>aetate</strong></span> <span class='ocrx_word' id='word_1_44' title='bbox 436 1058 475 1125; x_wconf 92' lang='lat' dir='ltr'><strong>ab</strong></span> <span class='ocrx_word' id='word_1_45' title='bbox 500 1057 700 1142; x_wconf 82' lang='lat' dir='ltr'><strong>elegantibus</strong></span> <span class='ocrx_word' id='word_1_46' title='bbox 718 1057 910 1140; x_wconf 86' lang='lat' dir='ltr'><strong>quibusdam</strong></span> <span class='ocrx_word' id='word_1_47' title='bbox 929 1058 1117 1126; x_wconf 89' lang='lat' dir='ltr'><strong>hominihus</strong></span> <span class='ocrx_word' id='word_1_48' title='bbox 1131 1059 1168 1126; x_wconf 91' lang='lat' dir='ltr'><strong>in</strong></span> 
     </span>
     <span class='ocr_line' id='line_1_8' title="bbox 233 1175 1165 1264; baseline -0.003 -19"><span class='ocrx_word' id='word_1_49' title='bbox 233 1177 464 1260; x_wconf 79' lang='lat' dir='ltr'><strong>Philosophiae</strong></span> <span class='ocrx_word' id='word_1_50' title='bbox 478 1193 594 1264; x_wconf 84' lang='lat' dir='ltr'>gyrum</span> <span class='ocrx_word' id='word_1_51' title='bbox 619 1175 746 1242; x_wconf 90' lang='lat' dir='ltr'><strong>redacta</strong></span> <span class='ocrx_word' id='word_1_52' title='bbox 761 1190 972 1259; x_wconf 80' lang='lat' dir='ltr'><strong>revocataque</strong></span> <span class='ocrx_word' id='word_1_53' title='bbox 987 1191 1051 1244; x_wconf 89' lang='lat' dir='ltr'><strong>est.</strong></span> <span class='ocrx_word' id='word_1_54' title='bbox 1095 1175 1165 1242; x_wconf 90' lang='lat' dir='ltr'><strong>Pri·</strong></span> 
     </span>
     <span class='ocr_line' id='line_1_9' title="bbox 232 1289 1162 1378; baseline -0.002 -16"><span class='ocrx_word' id='word_1_55' title='bbox 232 1289 322 1362; x_wconf 86' lang='lat' dir='ltr'><strong>mum</strong></span> <span class='ocrx_word' id='word_1_56' title='bbox 351 1293 451 1378; x_wconf 89' lang='lat' dir='ltr'><strong>igitur</strong></span> <span class='ocrx_word' id='word_1_57' title='bbox 475 1307 579 1358; x_wconf 92' lang='lat' dir='ltr'><strong>teneat</strong></span> <span class='ocrx_word' id='word_1_58' title='bbox 601 1291 825 1376; x_wconf 85' lang='lat' dir='ltr'><strong>Philosophus</strong></span> <span class='ocrx_word' id='word_1_59' title='bbox 852 1294 928 1360; x_wconf 87' lang='lat' dir='ltr'><strong>haec</strong></span> <span class='ocrx_word' id='word_1_60' title='bbox 957 1295 1018 1361; x_wconf 91' lang='lat' dir='ltr'><strong>trla</strong></span> <span class='ocrx_word' id='word_1_61' title='bbox 1047 1311 1162 1378; x_wconf 88' lang='lat' dir='ltr'><strong>genera</strong></span> 
     </span>
     <span class='ocr_line' id='line_1_10' title="bbox 231 1404 1159 1491; baseline -0.001 -15"><span class='ocrx_word' id='word_1_62' title='bbox 231 1407 320 1490; x_wconf 82' lang='lat' dir='ltr'><strong>reri,</strong></span> <span class='ocrx_word' id='word_1_63' title='bbox 343 1407 444 1487; x_wconf 89' lang='lat' dir='ltr'><strong>boni,</strong></span> <span class='ocrx_word' id='word_1_64' title='bbox 472 1419 507 1473; x_wconf 86' lang='lat' dir='ltr'><strong>et</strong></span> <span class='ocrx_word' id='word_1_65' title='bbox 527 1404 681 1490; x_wconf 86' lang='lat' dir='ltr'><strong>pulchri,</strong></span> <span class='ocrx_word' id='word_1_66' title='bbox 707 1421 766 1490; x_wconf 91' lang='lat' dir='ltr'><strong>ut,</strong></span> <span class='ocrx_word' id='word_1_67' title='bbox 797 1427 836 1474; x_wconf 86' lang='lat' dir='ltr'><strong>ex</strong></span> <span class='ocrx_word' id='word_1_68' title='bbox 865 1407 1016 1473; x_wconf 89' lang='lat' dir='ltr'><strong>omnibus</strong></span> <span class='ocrx_word' id='word_1_69' title='bbox 1040 1409 1159 1491; x_wconf 89' lang='lat' dir='ltr'><strong>rebus,</strong></span> 
     </span>
     <span class='ocr_line' id='line_1_11' title="bbox 232 1519 1159 1606; baseline -0.001 -19"><span class='ocrx_word' id='word_1_70' title='bbox 232 1538 384 1606; x_wconf 83' lang='lat' dir='ltr'><strong>quaenam</strong></span> <span class='ocrx_word' id='word_1_71' title='bbox 403 1520 444 1586; x_wconf 88' lang='lat' dir='ltr'><strong>ad</strong></span> <span class='ocrx_word' id='word_1_72' title='bbox 459 1536 568 1587; x_wconf 90' lang='lat' dir='ltr'><strong>eorum</strong></span> <span class='ocrx_word' id='word_1_73' title='bbox 588 1521 729 1602; x_wconf 85' lang='lat' dir='ltr'><strong>quodvis</strong></span> <span class='ocrx_word' id='word_1_74' title='bbox 750 1519 926 1604; x_wconf 81' lang='lat' dir='ltr'><strong>pertineat,</strong></span> <span class='ocrx_word' id='word_1_75' title='bbox 948 1534 1063 1587; x_wconf 90' lang='lat' dir='ltr'><strong>notum</strong></span> <span class='ocrx_word' id='word_1_76' title='bbox 1087 1538 1159 1604; x_wconf 88' lang='lat' dir='ltr'><strong>per·</strong></span> 
     </span>
     <span class='ocr_line' id='line_1_12' title="bbox 231 1636 1156 1725; baseline 0.002 -21"><span class='ocrx_word' id='word_1_77' title='bbox 231 1649 444 1724; x_wconf 81' lang='lat' dir='ltr'><strong>spretumque</strong></span> <span class='ocrx_word' id='word_1_78' title='bbox 461 1636 591 1705; x_wconf 86' lang='lat' dir='ltr'><strong>haheat.</strong></span> <span class='ocrx_word' id='word_1_79' title='bbox 633 1637 757 1706; x_wconf 85' lang='lat' dir='ltr'><strong>Deinde</strong></span> <span class='ocrx_word' id='word_1_80' title='bbox 780 1637 911 1706; x_wconf 85' lang='lat' dir='ltr'><strong>hnmani</strong></span> <span class='ocrx_word' id='word_1_81' title='bbox 931 1639 1052 1725; x_wconf 88' lang='lat' dir='ltr'><strong>ingenii</strong></span> <span class='ocrx_word' id='word_1_82' title='bbox 1070 1640 1156 1708; x_wconf 88' lang='lat' dir='ltr'><strong>vires</strong></span> 
     </span>
     <span class='ocr_line' id='line_1_13' title="bbox 226 1753 1159 1841; baseline 0.001 -20"><span class='ocrx_word' id='word_1_83' title='bbox 226 1767 429 1839; x_wconf 87' lang='lat' dir='ltr'><strong>eognoscat,</strong></span> <span class='ocrx_word' id='word_1_84' title='bbox 448 1754 614 1836; x_wconf 87' lang='lat' dir='ltr'><strong>quomodo</strong></span> <span class='ocrx_word' id='word_1_85' title='bbox 631 1753 706 1822; x_wconf 88' lang='lat' dir='ltr'><strong>acui</strong></span> <span class='ocrx_word' id='word_1_86' title='bbox 722 1754 896 1841; x_wconf 88' lang='lat' dir='ltr'><strong>augerique</strong></span> <span class='ocrx_word' id='word_1_87' title='bbox 911 1755 1062 1841; x_wconf 89' lang='lat' dir='ltr'><strong>possint,</strong></span> <span class='ocrx_word' id='word_1_88' title='bbox 1083 1755 1159 1839; x_wconf 87' lang='lat' dir='ltr'><strong>qui·</strong></span> 
     </span>
     <span class='ocr_line' id='line_1_14' title="bbox 229 1871 1157 1956; baseline 0 -16"><span class='ocrx_word' id='word_1_89' title='bbox 229 1891 303 1940; x_wconf 88' lang='lat' dir='ltr'><strong>nam</strong></span> <span class='ocrx_word' id='word_1_90' title='bbox 327 1871 435 1942; x_wconf 91' lang='lat' dir='ltr'><strong>omnis</strong></span> <span class='ocrx_word' id='word_1_91' title='bbox 461 1871 661 1956; x_wconf 85' lang='lat' dir='ltr'><strong>cognitionis</strong></span> <span class='ocrx_word' id='word_1_92' title='bbox 679 1872 747 1938; x_wconf 89' lang='lat' dir='ltr'><strong>sint</strong></span> <span class='ocrx_word' id='word_1_93' title='bbox 773 1885 805 1937; x_wconf 90' lang='lat' dir='ltr'><strong>et</strong></span> <span class='ocrx_word' id='word_1_94' title='bbox 828 1873 990 1939; x_wconf 78' lang='lat' dir='ltr'><strong>fontenet</strong></span> <span class='ocrx_word' id='word_1_95' title='bbox 1015 1871 1157 1956; x_wconf 86' lang='lat' dir='ltr'><strong>limites,</strong></span> 
     </span>
     <span class='ocr_line' id='line_1_15' title="bbox 229 1985 1155 2073; baseline -0.006 -15"><span class='ocrx_word' id='word_1_96' title='bbox 229 2008 293 2073; x_wconf 84' lang='lat' dir='ltr'><strong>qua</strong></span> <span class='ocrx_word' id='word_1_97' title='bbox 314 1987 366 2056; x_wconf 81' lang='lat' dir='ltr'><strong>via</strong></span> <span class='ocrx_word' id='word_1_98' title='bbox 385 1989 423 2054; x_wconf 89' lang='lat' dir='ltr'><strong>ad</strong></span> <span class='ocrx_word' id='word_1_99' title='bbox 438 1987 683 2068; x_wconf 90' lang='lat' dir='ltr'><strong>certitudinem,</strong></span> <span class='ocrx_word' id='word_1_100' title='bbox 706 1986 775 2052; x_wconf 90' lang='lat' dir='ltr'><strong>sive</strong></span> <span class='ocrx_word' id='word_1_101' title='bbox 789 1986 829 2052; x_wconf 93' lang='lat' dir='ltr'><strong>ad</strong></span> <span class='ocrx_word' id='word_1_102' title='bbox 846 2003 912 2051; x_wconf 83' lang='lat' dir='ltr'><strong>eam</strong></span> <span class='ocrx_word' id='word_1_103' title='bbox 928 1985 998 2070; x_wconf 74' lang='lat' dir='ltr'><strong>eius</strong></span> <span class='ocrx_word' id='word_1_104' title='bbox 1014 1999 1155 2070; x_wconf 88' lang='lat' dir='ltr'><strong>metam,</strong></span> 
     </span>
     <span class='ocr_line' id='line_1_16' title="bbox 225 2098 1154 2187; baseline -0.003 -14"><span class='ocrx_word' id='word_1_105' title='bbox 225 2107 309 2173; x_wconf 88' lang='lat' dir='ltr'><strong>ultra</strong></span> <span class='ocrx_word' id='word_1_106' title='bbox 330 2121 425 2187; x_wconf 84' lang='lat' dir='ltr'><strong>quarn</strong></span> <span class='ocrx_word' id='word_1_107' title='bbox 446 2102 546 2167; x_wconf 90' lang='lat' dir='ltr'><strong>horno</strong></span> <span class='ocrx_word' id='word_1_108' title='bbox 564 2099 714 2183; x_wconf 83' lang='lat' dir='ltr'><strong>progredi</strong></span> <span class='ocrx_word' id='word_1_109' title='bbox 739 2098 873 2182; x_wconf 88' lang='lat' dir='ltr'><strong>nequit,</strong></span> <span class='ocrx_word' id='word_1_110' title='bbox 896 2100 1055 2184; x_wconf 86' lang='lat' dir='ltr'><strong>perveniri</strong></span> <span class='ocrx_word' id='word_1_111' title='bbox 1072 2119 1154 2184; x_wconf 89' lang='lat' dir='ltr'><strong>pos·</strong></span> 
     </span>
     <span class='ocr_line' id='line_1_17' title="bbox 223 2211 1152 2298; baseline -0.003 -9"><span class='ocrx_word' id='word_1_112' title='bbox 223 2223 281 2290; x_wconf 88' lang='lat' dir='ltr'><strong>sit.</strong></span> <span class='ocrx_word' id='word_1_113' title='bbox 332 2216 479 2298; x_wconf 85' lang='lat' dir='ltr'><strong>Denique</strong></span> <span class='ocrx_word' id='word_1_114' title='bbox 511 2217 545 2282; x_wconf 90' lang='lat' dir='ltr'><strong>ln</strong></span> <span class='ocrx_word' id='word_1_115' title='bbox 570 2211 707 2281; x_wconf 89' lang='lat' dir='ltr'><strong>Divinae</strong></span> <span class='ocrx_word' id='word_1_116' title='bbox 731 2213 876 2280; x_wconf 80' lang='lat' dir='ltr'><strong>Naturae</strong></span> <span class='ocrx_word' id='word_1_117' title='bbox 900 2233 936 2282; x_wconf 88' lang='lat' dir='ltr'><strong>ac</strong></span> <span class='ocrx_word' id='word_1_118' title='bbox 959 2217 1152 2286; x_wconf 89' lang='lat' dir='ltr'><strong>coelestium</strong></span> 
     </span>
     <span class='ocr_line' id='line_1_18' title="bbox 221 2331 1149 2414; baseline -0.004 -8"><span class='ocrx_word' id='word_1_119' title='bbox 221 2355 327 2407; x_wconf 89' lang='lat' dir='ltr'><strong>rerum</strong></span> <span class='ocrx_word' id='word_1_120' title='bbox 354 2331 611 2401; x_wconf 86' lang='lat' dir='ltr'><strong>consideratione</strong></span> <span class='ocrx_word' id='word_1_121' title='bbox 634 2345 803 2414; x_wconf 88' lang='lat' dir='ltr'><strong>versetur,</strong></span> <span class='ocrx_word' id='word_1_122' title='bbox 835 2347 919 2414; x_wconf 89' lang='lat' dir='ltr'><strong>quae</strong></span> <span class='ocrx_word' id='word_1_123' title='bbox 943 2345 981 2398; x_wconf 88' lang='lat' dir='ltr'><strong>ut</strong></span> <span class='ocrx_word' id='word_1_124' title='bbox 1003 2336 1149 2402; x_wconf 90' lang='lat' dir='ltr'><strong>omniurn</strong></span> 
     </span>
     <span class='ocr_line' id='line_1_19' title="bbox 222 2445 1148 2530; baseline -0.001 -11"><span class='ocrx_word' id='word_1_125' title='bbox 222 2450 353 2520; x_wconf 86' lang='lat' dir='ltr'><strong>maximi</strong></span> <span class='ocrx_word' id='word_1_126' title='bbox 373 2445 547 2528; x_wconf 89' lang='lat' dir='ltr'><strong>momenti,</strong></span> <span class='ocrx_word' id='word_1_127' title='bbox 571 2445 618 2512; x_wconf 88' lang='lat' dir='ltr'><strong>sic</strong></span> <span class='ocrx_word' id='word_1_128' title='bbox 634 2449 778 2513; x_wconf 89' lang='lat' dir='ltr'><strong>naturale</strong></span> <span class='ocrx_word' id='word_1_129' title='bbox 793 2449 952 2530; x_wconf 84' lang='lat' dir='ltr'><strong>quoddam</strong></span> <span class='ocrx_word' id='word_1_130' title='bbox 967 2449 1148 2518; x_wconf 89' lang='lat' dir='ltr'><strong>animorum</strong></span> 
     </span>
     <span class='ocr_line' id='line_1_20' title="bbox 219 2539 1147 2653; baseline 0.002 -21"><span class='ocrx_word' id='word_1_131' title='bbox 219 2566 398 2653; x_wconf 84' lang='lat' dir='ltr'><strong>pabulum,</strong></span> <span class='ocrx_word' id='word_1_132' title='bbox 429 2574 461 2628; x_wconf 91' lang='lat' dir='ltr'><strong>et</strong></span> <span class='ocrx_word' id='word_1_133' title='bbox 489 2563 583 2644; x_wconf 91' lang='lat' dir='ltr'><strong>plena</strong></span> <span class='ocrx_word' id='word_1_134' title='bbox 607 2539 856 2630; x_wconf 75' lang='lat' dir='ltr'><strong>honestissimae</strong></span> <span class='ocrx_word' id='word_1_135' title='bbox 879 2565 1058 2647; x_wconf 83' lang='lat' dir='ltr'><strong>voluptatis</strong></span> <span class='ocrx_word' id='word_1_136' title='bbox 1083 2581 1147 2634; x_wconf 82' lang='lat' dir='ltr'><strong>est.</strong></span> 
     </span>
     <span class='ocr_line' id='line_1_21' title="bbox 218 2664 1148 2760; baseline 0 -11"><span class='ocrx_word' id='word_1_137' title='bbox 218 2681 283 2749; x_wconf 88' lang='lat' dir='ltr'><strong>Sed</strong></span> <span class='ocrx_word' id='word_1_138' title='bbox 311 2678 346 2745; x_wconf 89' lang='lat' dir='ltr'><strong>in</strong></span> <span class='ocrx_word' id='word_1_139' title='bbox 378 2677 439 2743; x_wconf 85' lang='lat' dir='ltr'><strong>ista</strong></span> <span class='ocrx_word' id='word_1_140' title='bbox 468 2676 744 2760; x_wconf 84' lang='lat' dir='ltr'><strong>contemplatione</strong></span> <span class='ocrx_word' id='word_1_141' title='bbox 765 2679 795 2746; x_wconf 89' lang='lat' dir='ltr'><strong>si</strong></span> <span class='ocrx_word' id='word_1_142' title='bbox 818 2664 1148 2749; x_wconf 74' lang='lat' dir='ltr'><strong>subsistar&#39;pniloso·</strong></span> 
     </span>
     <span class='ocr_line' id='line_1_22' title="bbox 213 2787 1141 2879; baseline 0.004 -20"><span class='ocrx_word' id='word_1_143' title='bbox 213 2794 333 2879; x_wconf 80' lang='lat' dir='ltr'><strong>phus,</strong></span> <span class='ocrx_word' id='word_1_144' title='bbox 347 2789 410 2856; x_wconf 90' lang='lat' dir='ltr'><strong>sihi</strong></span> <span class='ocrx_word' id='word_1_145' title='bbox 435 2787 583 2873; x_wconf 85' lang='lat' dir='ltr'><strong>sapiens,</strong></span> <span class='ocrx_word' id='word_1_146' title='bbox 606 2789 678 2855; x_wconf 87' lang='lat' dir='ltr'><strong>aliis</strong></span> <span class='ocrx_word' id='word_1_147' title='bbox 694 2808 762 2859; x_wconf 94' lang='lat' dir='ltr'><strong>non</strong></span> <span class='ocrx_word' id='word_1_148' title='bbox 778 2792 907 2875; x_wconf 87' lang='lat' dir='ltr'><strong>sapiens</strong></span> <span class='ocrx_word' id='word_1_149' title='bbox 923 2793 994 2863; x_wconf 91' lang='lat' dir='ltr'><strong>erit.</strong></span> <span class='ocrx_word' id='word_1_150' title='bbox 1043 2795 1141 2864; x_wconf 89' lang='lat' dir='ltr'><strong>Unde</strong></span> 
     </span>
     <span class='ocr_line' id='line_1_23' title="bbox 213 2905 1145 2997; baseline 0.006 -23"><span class='ocrx_word' id='word_1_151' title='bbox 213 2911 279 2997; x_wconf 78' lang='lat' dir='ltr'><strong>iam</strong></span> <span class='ocrx_word' id='word_1_152' title='bbox 304 2905 453 2974; x_wconf 84' lang='lat' dir='ltr'><strong>Thaletis</strong></span> <span class='ocrx_word' id='word_1_153' title='bbox 478 2907 681 2989; x_wconf 83' lang='lat' dir='ltr'><strong>temporibus</strong></span> <span class='ocrx_word' id='word_1_154' title='bbox 711 2908 774 2974; x_wconf 91' lang='lat' dir='ltr'><strong>hot</strong></span> <span class='ocrx_word' id='word_1_155' title='bbox 801 2908 1036 2994; x_wconf 82' lang='lat' dir='ltr'><strong>Philosophiae</strong></span> <span class='ocrx_word' id='word_1_156' title='bbox 1061 2914 1145 2980; x_wconf 87' lang='lat' dir='ltr'><strong>vitio</strong></span> 
     </span>
     <span class='ocr_line' id='line_1_24' title="bbox 214 3009 1143 3122; baseline 0 -27"><span class='ocrx_word' id='word_1_157' title='bbox 214 3027 323 3095; x_wconf 86' lang='lat' dir='ltr'><strong>datum</strong></span> <span class='ocrx_word' id='word_1_158' title='bbox 343 3023 428 3105; x_wconf 89' lang='lat' dir='ltr'><strong>fuit,</strong></span> <span class='ocrx_word' id='word_1_159' title='bbox 452 3023 585 3106; x_wconf 86' lang='lat' dir='ltr'><strong>quaein</strong></span> <span class='ocrx_word' id='word_1_160' title='bbox 610 3027 702 3122; x_wconf 80' lang='lat' dir='ltr'><strong>coelo</strong></span> <span class='ocrx_word' id='word_1_161' title='bbox 714 3009 799 3092; x_wconf 55' lang='lat' dir='ltr'><strong>&#39;sunt</strong></span> <span class='ocrx_word' id='word_1_162' title='bbox 815 3043 881 3092; x_wconf 89' lang='lat' dir='ltr'><strong>eam</strong></span> <span class='ocrx_word' id='word_1_163' title='bbox 899 3045 1046 3108; x_wconf 90' lang='lat' dir='ltr'><strong>cernere,</strong></span> <span class='ocrx_word' id='word_1_164' title='bbox 1068 3047 1143 3095; x_wconf 91' lang='lat' dir='ltr'><strong>cum</strong></span> 
     </span>
     <span class='ocr_line' id='line_1_25' title="bbox 214 3143 1143 3218; baseline -0.005 0"><span class='ocrx_word' id='word_1_165' title='bbox 214 3167 292 3218; x_wconf 80' lang='lat' dir='ltr'><strong>tero</strong></span> <span class='ocrx_word' id='word_1_166' title='bbox 319 3145 437 3214; x_wconf 88' lang='lat' dir='ltr'><strong>mentis</strong></span> <span class='ocrx_word' id='word_1_167' title='bbox 462 3143 559 3210; x_wconf 85' lang='lat' dir='ltr'><strong>aciem</strong></span> <span class='ocrx_word' id='word_1_168' title='bbox 579 3145 618 3211; x_wconf 87' lang='lat' dir='ltr'><strong>ad</strong></span> <span class='ocrx_word' id='word_1_169' title='bbox 642 3163 694 3212; x_wconf 90' lang='lat' dir='ltr'><strong>res</strong></span> <span class='ocrx_word' id='word_1_170' title='bbox 718 3163 908 3212; x_wconf 88' lang='lat' dir='ltr'><strong>communes</strong></span> <span class='ocrx_word' id='word_1_171' title='bbox 929 3163 961 3213; x_wconf 93' lang='lat' dir='ltr'><strong>et</strong></span> <span class='ocrx_word' id='word_1_172' title='bbox 983 3147 1016 3213; x_wconf 89' lang='lat' dir='ltr'><strong>in</strong></span> <span class='ocrx_word' id='word_1_173' title='bbox 1038 3145 1143 3213; x_wconf 91' lang='lat' dir='ltr'><strong>medio</strong></span> 
     </span>
     <span class='ocr_line' id='line_1_26' title="bbox 213 3261 1144 3348; baseline 0.002 -20"><span class='ocrx_word' id='word_1_174' title='bbox 213 3261 340 3348; x_wconf 84' lang='lat' dir='ltr'><strong>positas</strong></span> <span class='ocrx_word' id='word_1_175' title='bbox 356 3271 545 3340; x_wconf 85' lang='lat' dir='ltr'><strong>convertat,</strong></span> <span class='ocrx_word' id='word_1_176' title='bbox 568 3273 638 3326; x_wconf 88' lang='lat' dir='ltr'><strong>tum</strong></span> <span class='ocrx_word' id='word_1_177' title='bbox 659 3279 737 3329; x_wconf 88' lang='lat' dir='ltr'><strong>vero</strong></span> <span class='ocrx_word' id='word_1_178' title='bbox 754 3261 915 3328; x_wconf 87' lang='lat' dir='ltr'><strong>caecutire</strong></span> <span class='ocrx_word' id='word_1_179' title='bbox 931 3276 965 3330; x_wconf 88' lang='lat' dir='ltr'><strong>et</strong></span> <span class='ocrx_word' id='word_1_180' title='bbox 985 3261 1144 3347; x_wconf 84' lang='lat' dir='ltr'><strong>vertigine</strong></span> 
     </span>
     <span class='ocr_line' id='line_1_27' title="bbox 213 3371 1154 3460; baseline -0.001 -18"><span class='ocrx_word' id='word_1_181' title='bbox 213 3374 348 3457; x_wconf 86' lang='lat' dir='ltr'><strong>corripi.</strong></span> <span class='ocrx_word' id='word_1_182' title='bbox 393 3371 466 3438; x_wconf 86' lang='lat' dir='ltr'><strong>Hoc</strong></span> <span class='ocrx_word' id='word_1_183' title='bbox 490 3373 566 3454; x_wconf 88' lang='lat' dir='ltr'><strong>ille,</strong></span> <span class='ocrx_word' id='word_1_184' title='bbox 590 3391 685 3457; x_wconf 85' lang='lat' dir='ltr'><strong>quem</strong></span> <span class='ocrx_word' id='word_1_185' title='bbox 712 3394 775 3442; x_wconf 90' lang='lat' dir='ltr'><strong>nos</strong></span> <span class='ocrx_word' id='word_1_186' title='bbox 799 3374 975 3460; x_wconf 89' lang='lat' dir='ltr'><strong>fingimus,</strong></span> <span class='ocrx_word' id='word_1_187' title='bbox 1005 3391 1072 3443; x_wconf 92' lang='lat' dir='ltr'><strong>non</strong></span> <span class='ocrx_word' id='word_1_188' title='bbox 1091 3373 1154 3441; x_wconf 82' lang='lat' dir='ltr'><strong>fn·&#39;</strong></span> 
     </span>
     <span class='ocr_line' id='line_1_28' title="bbox 209 3487 1137 3578; baseline 0.005 -22"><span class='ocrx_word' id='word_1_189' title='bbox 209 3492 289 3557; x_wconf 88' lang='lat' dir='ltr'><strong>eiat.</strong></span> <span class='ocrx_word' id='word_1_190' title='bbox 320 3489 405 3558; x_wconf 88' lang='lat' dir='ltr'><strong>Cum</strong></span> <span class='ocrx_word' id='word_1_191' title='bbox 426 3487 511 3555; x_wconf 89' lang='lat' dir='ltr'><strong>enim</strong></span> <span class='ocrx_word' id='word_1_192' title='bbox 528 3489 648 3573; x_wconf 84' lang='lat' dir='ltr'><strong>duplex</strong></span> <span class='ocrx_word' id='word_1_193' title='bbox 663 3490 706 3556; x_wconf 89' lang='lat' dir='ltr'><strong>sit</strong></span> <span class='ocrx_word' id='word_1_194' title='bbox 722 3489 954 3573; x_wconf 83' lang='lat' dir='ltr'><strong>Philosophiae</strong></span> <span class='ocrx_word' id='word_1_195' title='bbox 970 3491 1137 3578; x_wconf 87' lang='lat' dir='ltr'><strong>officinm,</strong></span> 
     </span>
     <span class='ocr_line' id='line_1_29' title="bbox 209 3609 1139 3694; baseline 0.001 -13"><span class='ocrx_word' id='word_1_196' title='bbox 209 3615 345 3682; x_wconf 82' lang='lat' dir='ltr'><strong>alterum</strong></span> <span class='ocrx_word' id='word_1_197' title='bbox 367 3611 456 3692; x_wconf 91' lang='lat' dir='ltr'><strong>quod</strong></span> <span class='ocrx_word' id='word_1_198' title='bbox 473 3609 508 3676; x_wconf 91' lang='lat' dir='ltr'><strong>ln</strong></span> <span class='ocrx_word' id='word_1_199' title='bbox 537 3609 807 3692; x_wconf 86' lang='lat' dir='ltr'><strong>contemplando,</strong></span> <span class='ocrx_word' id='word_1_200' title='bbox 828 3609 962 3676; x_wconf 75' lang='lat' dir='ltr'><strong>alterum</strong></span> <span class='ocrx_word' id='word_1_201' title='bbox 988 3615 1079 3694; x_wconf 88' lang='lat' dir='ltr'><strong>quod</strong></span> <span class='ocrx_word' id='word_1_202' title='bbox 1104 3613 1139 3682; x_wconf 90' lang='lat' dir='ltr'><strong>in</strong></span> 
     </span>
     <span class='ocr_line' id='line_1_30' title="bbox 211 3721 1140 3824; baseline -0.002 -31"><span class='ocrx_word' id='word_1_203' title='bbox 211 3725 336 3813; x_wconf 79' lang='lat' dir='ltr'><strong>agendo</strong></span> <span class='ocrx_word' id='word_1_204' title='bbox 351 3724 530 3824; x_wconf 84' lang='lat' dir='ltr'><strong>consistit,</strong></span> <span class='ocrx_word' id='word_1_205' title='bbox 553 3740 649 3810; x_wconf 89' lang='lat' dir='ltr'><strong>turpe</strong></span> <span class='ocrx_word' id='word_1_206' title='bbox 671 3721 735 3792; x_wconf 91' lang='lat' dir='ltr'><strong>sibi</strong></span> <span class='ocrx_word' id='word_1_207' title='bbox 757 3725 855 3792; x_wconf 89' lang='lat' dir='ltr'><strong>ducet</strong></span> <span class='ocrx_word' id='word_1_208' title='bbox 870 3725 1059 3796; x_wconf 88' lang='lat' dir='ltr'><strong>alterutrum</strong></span> <span class='ocrx_word' id='word_1_209' title='bbox 1084 3729 1140 3796; x_wconf 87' lang='lat' dir='ltr'><strong>de·</strong></span> 
     </span>
    </p>

    <p class='ocr_par' dir='ltr' id='par_1_3' title="bbox 1073 3861 1141 3912">
     <span class='ocr_line' id='line_1_31' title="bbox 1073 3861 1141 3912; baseline 0 -1"><span class='ocrx_word' id='word_1_210' title='bbox 1073 3861 1141 3912; x_wconf 86' lang='lat' dir='ltr'><strong>ser·</strong></span> 
     </span>
    </p>
   </div>
   <div class='ocr_carea' id='block_1_3' title="bbox 0 0 1290 4710">
    <p class='ocr_par' dir='ltr' id='par_1_4' title="bbox 0 0 1290 4710">
     <span class='ocr_line' id='line_1_32' title="bbox 0 0 1290 4710; baseline 0 6"><span class='ocrx_word' id='word_1_211' title='bbox 0 0 1290 4710; x_wconf 95' lang='lat' dir='ltr'><strong> </strong></span> 
     </span>
    </p>
   </div>
  </div>
 </body>
</html>
