2418 4718
262 263 336 360 gu
440 245 772 332 emortuom
791 255 1020 346 animone

263 457 301 527 ln
316 449 457 521 editione
482 447 655 518 Bmloeno
676 445 795 516 Latim
815 453 1019 542 anni1541‚
1038 477 1178 537 mone

263 588 318 644 cae
340 567 473 638 anobis
508 585 570 634 auo
595 583 741 649 quaeque
769 566 868 650 loc05
907 572 942 639 in
967 573 1080 646 indite
1098 585 1177 653 libau

261 699 370 764 lorum
400 689 583 784 Moralium
607 686 684 751 huic
706 684 897 770 praefationi
921 694 1085 783 subjecto,

307 803 612 886 ARSENIUS,
635 803 877 872 Monembasiae
899 811 1100 904 episcopus,
1119 821 1177 894 pfl.

262 931 383 1002 chaelio
405 922 698 1010 Apostolorum,
716 921 913 992 Graecorum
932 929 1070 1004 ultimus
1091 959 1176 1010 ano·

263 1054 315 1120 bis
344 1059 505 1115 censetur.
550 1041 633 1126 Ejus
663 1055 766 1110 exarat
791 1041 912 1128 Ἰωνᾶ,
936 1045 1057 1137 idest,
1079 1058 1179 1128 Colle·

262 1163 331 1230 ctio
345 1159 667 1244 llpoplutlregmatum
691 1175 729 1222 ae
755 1157 985 1230 Sententiarum
1004 1187 1044 1235 et
1062 1167 1178 1243 Veteria

259 1275 325 1346 bus
352 1275 510 1359 Graccis,
533 1273 709 1341 Plutarcho
732 1271 850 1358 etiam,
882 1277 1025 1348 delibata.
1069 1245 1205 1374 Haecff

259 1397 332 1465 aine
354 1391 479 1470 dublo,
509 1405 558 1456 eat
588 1409 662 1474 pars
690 1389 812 1456 Vtoteu
837 1411 855 1458 a
879 1407 965 1492 patre
987 1395 1090 1480 ipsius
1112 1403 1184 1472 Mia

260 1513 370 1579 chaele
393 1507 570 1592 Apostolio
594 1507 743 1589 collecti3
774 1521 810 1573 ut
835 1525 909 1576 vere
933 1515 1112 1598 auspicatur
1129 1535 1183 1589 est

260 1643 522 1700 conuictos
542 1624 628 1690 Bibl.
652 1623 713 1690 Gr.
736 1626 804 1691 vol.
822 1647 858 1692 x.-
889 1645 924 1709 p.
948 1649 1024 1714 ιη,
1069 1637 1182 1704 ΕΜ.

258 1746 350 1834 plum
370 1746 457 1813 edito
472 1745 569 1827 longe
586 1741 784 1823 locupletius
803 1757 950 1810 servatur
964 1745 997 1812 in
1010 1745 1181 1819 Bibliothe-

256 1885 295 1934 ca
314 1861 527 1942 Moacuensi,
549 1860 633 1925 unde
655 1860 725 1944 ejus
741 1859 889 1926 notitiam
909 1863 1055 1944 prodidit
1079 1881 1183 1938 nar.

259 1997 442 2051 nunnus
474 1981 518 2046 V.
551 1973 607 2042 Cl.
632 1973 667 2040 in
699 1971 806 2042 Catal.
839 1976 956 2046 Codic.
987 1979 1092 2053 MSS.
1133 1985 1182 2052 Βῑ.

255 2093 440 2160 bliothecae
471 2091 700 2174 Moscuensis,
730 2111 764 2176 p.
796 2111 849 2177 14.
880 2111 912 2162 et
942 2096 1110 2168 Plutarchi
1139 2083 1183 2170 lo·

258 2223 318 2276 tos
341 2207 440 2274 edidit
463 2205 502 2271 ad
527 2207 645 2272 calcem
666 2205 819 2276 editionis
846 2209 1029 2280 libellorum
1055 2215 1110 2300 Do
1132 2219 1205 2300 th

257 2323 334 2390 tioso
347 2319 479 2386 Pudore
495 2331 526 2384 et
542 2317 595 2384 Dc
611 2319 762 2386 Fortuna
784 2339 868 2389 anno
885 2337 989 2411 1277,
1010 2325 1117 2399 forma
1132 2350 1185 2400 oc·

253 2445 340 2501 tata.
386 2434 550 2502 Collectio
572 2433 628 2500 illa
655 2437 792 2521 exempli
819 2436 1031 2508 Moscuenais
1055 2445 1205 2536 quanti-i

255 2555 308 2621 iis
341 2569 391 2620 eat
424 2552 539 2636 pretii,
574 2553 700 2638 quippe
732 2573 813 2636 quae
843 2555 944 2625 multa
978 2560 1076 2628 habet
1101 2581 1205 2644 nova]

251 2677 314 2738 nec
339 2668 466 2734 aliunde
489 2666 641 2752 cognita,
664 2667 734 2734 aive
759 2668 815 2735 illa
837 2689 876 2738 ex
900 2674 1069 2760 pleniore,
1093 2693 1186 2761 quam

254 2803 343 2852 nunc
366 2781 491 2862 fertur,
520 2781 683 2862 seobreo,
715 2785 785 2852 sive
816 2805 855 2856 ex
877 2787 950 2856 allis
975 2795 1114 2873 perditio
1147 2795 1205 2884 li·3

255 2899 324 2967 bris
342 2901 461 2966 ductat
484 2898 573 2979 quod
597 2899 742 2981 equidem
766 2899 918 2970 affirmare
935 2905 1024 2974 laaud
1041 2908 1184 2996 dubito,
1204 2923 1205 2936 ¹

252 3013 313 3098 'qui
330 3015 399 3099 ejus
420 3003 640 3096 apographum
658 3015 728 3097 ipse
745 3019 880 3086 tractavi
896 3037 938 3090 ex
953 3039 1061 3110 eoque
1077 3043 1187 3097 extet·
1204 3023 1205 3068 ἶ

250 3141 307 3214 pta
335 3126 473 3194 servavi.
544 3181 545 3184 ,
1050 3126 1055 3134 ’
1204 3119 1205 3122 “

247 3265 254 3286 ·
293 3241 381 3310 Satis
404 3257 454 3309 est
476 3241 557 3308 hanc
577 3243 773 3315 notationem
791 3248 965 3338 hucusque
986 3255 1185 3328 deduxisset

138 3379 143 3388 ·
250 3365 312 3425 nee
336 3355 452 3423 attinet
473 3357 512 3424 de
539 3359 710 3430 codicione
725 3364 798 3432 aliia
817 3367 950 3452 seriptis
967 3384 1001 3438 et
1030 3375 1186 3462 interpre-

245 3471 433 3538 eutromius
455 3469 582 3539 Latinis
603 3475 697 3556 plura
724 3479 817 3549 etlam
839 3483 994 3554 adferree
1017 3491 1189 3578 catalogis

241 3579 538 3655 -Bibliotltocarum
560 3587 778 3675 Defungimur
794 3597 834 3664 iis
847 3591 1002 3687 notitiis,
1030 3627 1118 3692 quas
1134 3629 1191 3675 no·

243 3711 321 3768 atro
334 3699 400 3796 ipsi
415 3719 479 3768 usu
495 3703 697 3790 collegimus.
743 3707 900 3782 videmur
922 3718 1024 3788 nobis
1049 3739 1191 3808 quatuor

236 3814 450 3886 'recensiones
482 3832 514 3888 et
545 3835 666 3891 aetates
692 3823 877 3899 Moralium
921 3835 1190 3923 deprehendisse.

1122 3953 1188 4032 ro
