2418 4718
242 335 316 414 m
382 369 384 376 ,
419 309 677 395 murano
697 333 747 388 ax
767 313 992 394 rumores:

245 512 386 585 larebeis
405 505 591 576 Marullus
603 507 642 574 ab
658 527 698 576 eo
713 505 861 577 effectum
881 510 938 579 ait.
981 509 1043 581 Sed
1061 527 1189 600 quum

243 633 286 700 de
302 631 371 716 ejus
390 625 425 694 ln
441 625 612 694 Plutarcho
637 641 749 692 navata
774 643 870 708 opera
884 625 983 710 dico,
1004 645 1069 699 uun
1086 621 1189 750 οἰεοξ

245 765 343 834 quam
368 739 692 810 Animadrersonum
710 740 759 806 ad
771 731 915 809 Graecos
929 743 1086 813 Auctore
1096 713 1189 814 Vo·

245 860 415 934 luminell
437 856 603 942 vulgavit,
624 875 691 924 non
715 853 885 922 editionem
902 859 987 926 illam
1015 856 1157 946 Lipsleu·

245 999 337 1062 ηοω,
362 971 585 1060 quatientur,
614 959 837 1038 universorum
861 989 1016 1060 operum,
1040 977 1157 1046 inchoa·

245 1107 311 1164 tarn
341 1109 427 1158 anno
455 1103 560 1172 1774,
591 1084 694 1152 forma
726 1099 850 1154 octava.
894 1085 933 1155 ln
961 1089 1024 1156 ista
1051 1103 1156 1160 ueta

246 1227 355 1282 ntus
379 1203 482 1290 magis
499 1201 696 1286 bibliopolae
719 1209 814 1284 quam
838 1217 936 1270 suurn
960 1221 1043 1290 opus
1063 1204 1154 1290 fecit,

244 1341 353 1410 neque
372 1339 450 1389 vero
474 1317 573 1400 fecit,
599 1317 656 1385 aed
674 1313 792 1385 affecit.
838 1317 982 1386 Subsidia
1002 1316 1156 1392 librorum

242 1437 363 1510 inedita
380 1435 506 1520 quidem
522 1449 589 1498 non
605 1431 738 1499 habulta
760 1431 856 1499 Viros
872 1439 959 1504 edere
972 1453 1153 1525 aggressus,

243 1556 298 1626 bis
311 1553 454 1622 nondum
472 1549 651 1630 absolutis,
673 1545 761 1614 diem'
771 1547 978 1618 obiit‘eodern
993 1567 1087 1623 annot
1102 1575 1149 1626 ree

241 1669 508 1756 liquamillarurn
541 1677 683 1748 partem,
706 1677 739 1730 er
764 1663 919 1732 Mortalia
936 1681 1010 1736 curn
1025 1671 1086 1738 illia
1100 1691 1154 1740 an·

241 1795 293 1856 t'ea
310 1783 404 1855 editis
423 1797 500 1850 ranr
512 1796 604 1848 surr
620 1780 963 1850 Animadversionibus
981 1783 1098 1854 addidit
1111 1787 1154 1854 bi·

192 1913 196 1922 “
239 1901 585 1986 bllopola‚totanrque
596 1891 765 1962 editionem
774 1895 917 1964 absolvit
930 1899 1154 1970 duodecimo·
1188 1885 1189 1964 ἶ

239 2017 434 2087 luminibus.
480 2013 587 2092 llaec,
605 2024 643 2076 ut
656 2023 809 2094 narrant„
824 2009 888 2080 hoc
906 2015 983 2098 ipso
1000 2031 1150 2102 tempore,

243 2129 485 2215 aTubingentl
502 2125 679 2211 bibliopola
695 2129 735 2194 ad
753 2129 905 2210 minorem
932 2135 1051 2200 molem
1078 2133 1151 2200 roda·
1188 2135 1189 2212 l

234 2265 312 2332 cta,
327 2245 499 2328 repetitura
516 2245 637 2312 elicitae
650 2243 788 2323 elienor,
802 2245 933 2330 majoris
947 2248 1071 2318 minus.
1092 2247 1151 2315 Hu·
1188 2219 1189 2242 ξ

237 2362 381 2452 jusmodi
396 2375 456 2444 ego
480 2355 684 2440 repetitiones
702 2373 768 2426 nou
783 2359 958 2446 improbo,
982 2365 1081 2434 ruodo
1096 2368 1149 2434 alul

238 2479 320 2546 bene
335 2475 562 2556 emendateque
578 2493 729 2557 excusae,
751 2475 908 2560 parabiles
922 2481 1052 2566 pretio,
1073 2481 1151 2549 babi

239 2589 288 2663 les
315 2605 454 2658 tractatu
480 2591 700 2660 mediocritate
724 2591 848 2678 molis,
879 2607 937 2661 nec
967 2613 1005 2664 ae
1027 2615 1085 2684 pro
1105 2599 1149 2665 de·
1188 2613 1189 2716 ξ

235 2727 309 2780 nuo
335 2703 498 2773 recensitis
523 2705 698 2790 scripturae
722 2710 1017 2781 constitutionibus
1038 2729 1069 2782 et
1088 2731 1189 2826 per-«3

229 2823 344 2907 ,mania
356 2821 552 2890 editionibus
567 2834 689 2908 gerant.
734 2825 795 2891 Sed
811 2823 850 2892 ad
866 2845 1093 2898 nutantum
1106 2845 1189 2910 ro·

234 2939 379 3006 deantur.
1188 2969 1189 3058 ξ

278 3053 513 3122 Rarsnrus
539 3049 693 3120 Marulla
716 3053 849 3138 legendo
875 3059 1025 3131 tractavit
1040 3073 1149 3129 assurt
1188 3061 1189 3196 ξ

233 3167 363 3251 inedia,
376 3183 413 3235 ut
426 3187 496 3250 rpae
510 3166 787 3251 art,anni1756‚
805 3184 836 3236 et
853 3189 932 3254 quaa
948 3177 1095 3257 perhanc
1109 3171 1189 3242 ie·

233 3283 374 3352 ctionem
400 3281 528 3350 lecisset
545 3283 766 3362 annotationes
789 3285 828 3353 ad
854 3289 1060 3376 corrigendos
1083 3293 1146 3360 illu·

238 3399 453 3482 creandosque
469 3399 561 3465 locos
579 3399 722 3468 difficiles
733 3417 764 3468 et
781 3403 919 3474 vitiosos
930 3425 1189 3494 comparatas,

138 3521 140 3528 ’
233 3527 287 3578 cas
303 3511 631 3582 Animadversum
651 3513 701 3582 ad
721 3515 863 3586 Graecos
880 3517 1038 3594 Auctms
1053 3520 1144 3595 volu·

234 3625 322 3693 utine
338 3627 389 3708 11,
406 3625 504 3696 Notis
519 3629 558 3695 ad
573 3629 702 3716 Lysiam
719 3633 930 3724 subjunctas,
948 3643 1059 3713 edidit.
1079 3641 1144 3712 nu·
1188 3649 1189 3654 ’

104 3762 107 3770 ·
232 3739 1189 3842 tarcheaeanimadversionesexplentpaginasultraquin·3

237 3869 371 3946 gentas,
393 3871 525 3927 et‘suut
545 3881 683 3932 numam
707 3869 902 3955 permultaep
931 3873 1068 3963 quippe,
1088 3887 1141 3955 prr

1032 4001 1140 4088 ¹rantra·
