2418 4718
149 315 416 396 uturhncrrt
436 317 853 392 northamtonam.
902 329 973 414 au

45 511 216 583 codicibus
242 521 408 592 excerptae
417 481 435 588 ‚⁶
459 507 595 574 aliorum
622 503 751 589 quidem
784 508 966 582 auctorata
1085 549 1093 568 κ

48 629 125 696 bene
140 627 281 706 multae,
302 621 464 692 Plutarchi
479 622 597 688 nullae.
642 621 800 690 Instituta
816 639 884 706 est,
907 645 967 694 orn¹
1065 665 1070 676 ,

48 747 182 813 court
208 755 371 822 ternpore,
406 735 576 804 Academia
597 735 865 820 inscriptionum.
908 739 970 808 Ha·

50 875 146 924 eoum
173 855 226 921 ilia
244 855 278 921 in
293 851 412 920 Litcrie
427 853 512 934 apud
533 851 648 918 Gallos
670 851 836 918 succensio
863 871 900 918 ac
924 854 973 922 di·

56 971 195 1054 cciplina
211 967 361 1052 paulatim
376 964 504 1052 deiecit.
535 967 768 1033 Ducentos
791 965 887 1032 Vitas
906 984 976 1033 ver·

52 1084 115 1166 tit,
139 1084 268 1167 nnciam
287 1083 477 1164 heroicum,
501 1082 557 1148 sed
574 1082 667 1165 plane
678 1081 809 1147 mortale
824 1093 857 1147 et
882 1081 971 1152 infir·
1002 1081 1009 1096 '

57 1216 141 1266 mum
160 1199 297 1266 sonarit.

95 1311 215 1380 Nostro
232 1313 365 1381 sacculo
383 1309 487 1379 fuisse
503 1309 636 1378 idoneos
653 1307 728 1376 huic
745 1303 894 1380 editionis
910 1333 968 1382 nc·

57 1427 142 1512 gotio
159 1427 249 1494 viros
259 1473 272 1508 ‚
284 1429 369 1512 apud
385 1427 544 1505 Batavos,
560 1423 754 1506 untnnnoa,
765 1423 968 1513 Germanos,

58 1542 126 1622 quis
153 1541 305 1624 ignorati
337 1539 398 1606 Sed
421 1540 479 1624 qui
495 1541 558 1608 hoc
577 1539 729 1623 agitaret,
751 1519 970 1628 certecogica·

57 1669 121 1735 ret,
144 1655 302 1722 nerninem
325 1654 569 1738 equidemnovi
587 1665 721 1736 excepto
746 1672 781 1720 u.
804 1675 972 1726 rusae·

62 1782 125 1848 toa
150 1770 256 1850 quiin
281 1767 383 1836 Notis
407 1771 447 1835 ad
474 1767 721 1850 Aristophanem
746 1766 862 1851 liquit.
884 1757 968 1842 uecta

63 1884 153 1964 1096,
169 1884 302 1952 laudans
318 1885 426 1954 locunt
434 1882 595 1948 Plutarchi
607 1880 658 1946 Dc
670 1883 853 1970 Praeceptis
868 1885 964 1973 hup.

63 1997 236 2080 Grandae,
258 2021 293 2082 p.
317 2003 401 2080 807,
425 1997 501 2062 hoec
521 1997 629 2064 addit:
652 1994 807 2064 &diacus
822 1989 973 2068 hieriam·

65 2109 99 2175 do
108 2133 160 2177 nan
175 2127 295 2196 uacat,
309 2129 345 2180 ut
361 2112 523 2200 adipsum
539 2111 776 2192 Plutarchum,
793 2115 915 2199 aifatu
930 2119 973 2182 si·

64 2227 378 2318 tarint,a1iquando
395 2228 600 2295 ostendemus.
631 2229 677 2294 At
694 2227 734 2293 dc
746 2227 886 2298 consilio
901 2229 976 2298 effe.-

64 2351 116 2402 cto
130 2339 169 2406 nil
190 2344 348 2428 comperi.
379 2339 416 2408 ln
433 2342 592 2410 Britannia
620 2342 971 2416 Wtaruatcditionent

64 2466 250 2527 carthus
287 2457 471 2540 inchoavit,
501 2474 710 2524 conanus
739 2437 898 2529 absolvite
931 2464 971 2528 de

67 2582 118 2646 qua
141 2570 187 2636 hic
212 2591 287 2640 non
312 2586 361 2640 cot
387 2572 511 2640 dicendi
537 2572 644 2640 locus.
698 2570 819 2642 Nostra
842 2577 971 2645 demum

67 2695 149 2750 aetate
164 2688 218 2766 qui
233 2690 279 2756 de
296 2685 480 2752 Morah'bus
496 2685 577 2752 bene
591 2685 700 2752 mereri
721 2703 889 2761 conaretur
908 2689 975 2758 fuit

71 2813 238 2878 ronches
258 2816 469 2888 jaconus
493 2815 719 2868 nutemus.

102 2909 144 2975 De
165 2913 223 2981 hoc
248 2933 315 3000 ego
341 2915 413 2980 viro
443 2913 547 2990 dicere
572 2915 774 3000 ingrediens,
795 2935 905 2986 vereor
931 2936 972 3006 nc

76 3018 250 3110 tiotquibus
272 3030 385 3112 inique
401 3025 516 3114 potius
542 3048 636 3112 quam
660 3048 732 3098 vere
747 3031 909 3118 judicasse
924 3015 974 3102 vi-

75 3134 140 3207 dnr.
168 3143 237 3230 Ego
254 3160 333 3214 veto
350 3149 397 3216 nii
413 3145 515 3218 habeo
531 3164 665 3216 caussae
680 3166 776 3231 quare
792 3149 830 3214 dc
852 3168 906 3216 ran
917 3168 971 3217 rs·

76 3269 134 3322 rto
155 3261 257 3329 ninus
274 3281 369 3345 quan
388 3265 426 3330 de
440 3263 605 3349 prioribus
620 3261 869 3348 interpretibus,
892 3263 974 3345 quia

75 3377 208 3464 turham,
231 3379 329 3448 libere
354 3379 575 3464 pronunciem.
620 3376 666 3444 Et
689 3393 765 3443 vero
792 3395 973 3450 tersuri
1009 3407 1010 3410 ¹

74 3499 102 3550 ct
122 3489 179 3558 hrit
201 3494 339 3562 fatuitas
365 3494 594 3574 redactura,
625 3510 707 3575 quae
730 3491 801 3559 tuis
824 3493 971 3568 ac‘verit

73 3611 199 3673 cortona
222 3609 396 3691 laudibus,
417 3627 485 3678 non
507 3607 661 3676 desideret
679 3604 775 3674 faites
792 3622 825 3676 et
841 3609 968 3680 alienat.

75 3703 129 3778 Nec
143 3721 217 3787 nihi
232 3723 383 3792 hocloco
400 3723 502 3792 dicere
515 3721 719 3807 propositum
735 3735 784 3790 cst
797 3727 878 3808 quid
893 3723 967 3791 uni·

31 3851 35 3876 ’
76 3835 147 3898 tore
162 3833 195 3902 in
210 3835 342 3906 Graecis
359 3835 502 3922 Literis,
524 3836 581 3904 aed
598 3835 676 3922 quid
699 3839 828 3924 proprie
845 3841 880 3906 in
896 3837 971 3903 Plu·

910 3967 974 4018 tar·
