<?xml version="1.0" encoding="UTF-8"?>
<!DOCTYPE html PUBLIC "-//W3C//DTD XHTML 1.0 Transitional//EN"
    "http://www.w3.org/TR/xhtml1/DTD/xhtml1-transitional.dtd">
<html xmlns="http://www.w3.org/1999/xhtml" xml:lang="en" lang="en">
 <head>
  <title>
</title>
<meta http-equiv="Content-Type" content="text/html;charset=utf-8" />
  <meta name='ocr-system' content='tesseract 3.04.00' />
  <meta name='ocr-capabilities' content='ocr_page ocr_carea ocr_par ocr_line ocrx_word'/>
</head>
<body>
  <div class='ocr_page' id='page_1' title='image "./opusculavariiar01wyttgoog_0164.png"; bbox 0 0 2348 4716; ppageno 0'>
   <div class='ocr_carea' id='block_1_1' title="bbox 142 231 949 373">
    <p class='ocr_par' dir='ltr' id='par_1_1' title="bbox 142 231 949 373">
     <span class='ocr_line' id='line_1_1' title="bbox 142 231 949 373; baseline 0.021 -31"><span class='ocrx_word' id='word_1_1' title='bbox 142 265 317 342; x_wconf 76' lang='lat' dir='ltr'>astruit</span> <span class='ocrx_word' id='word_1_2' title='bbox 335 263 636 344; x_wconf 68' lang='lat' dir='ltr'>procacem.</span> <span class='ocrx_word' id='word_1_3' title='bbox 649 231 719 351; x_wconf 71' lang='lat' dir='ltr'>&#39;ur</span> <span class='ocrx_word' id='word_1_4' title='bbox 739 273 839 350; x_wconf 77' lang='lat' dir='ltr'>aas.</span> <span class='ocrx_word' id='word_1_5' title='bbox 887 293 949 373; x_wconf 61' lang='lat' dir='ltr'>rs,</span> 
     </span>
    </p>
   </div>
   <div class='ocr_carea' id='block_1_2' title="bbox 1 453 1078 3917">
    <p class='ocr_par' dir='ltr' id='par_1_2' title="bbox 36 453 1059 1122">
     <span class='ocr_line' id='line_1_2' title="bbox 36 453 952 558; baseline 0.013 -38"><span class='ocrx_word' id='word_1_6' title='bbox 36 472 66 534; x_wconf 64' lang='lat' dir='ltr'>a</span> <span class='ocrx_word' id='word_1_7' title='bbox 85 475 194 526; x_wconf 76' lang='lat' dir='ltr'>omnm</span> <span class='ocrx_word' id='word_1_8' title='bbox 217 453 410 524; x_wconf 81' lang='lat' dir='ltr'>felicitatem</span> <span class='ocrx_word' id='word_1_9' title='bbox 436 454 470 526; x_wconf 88' lang='lat' dir='ltr'>irr</span> <span class='ocrx_word' id='word_1_10' title='bbox 495 455 614 523; x_wconf 87' lang='lat' dir='ltr'>virtute</span> <span class='ocrx_word' id='word_1_11' title='bbox 644 473 808 546; x_wconf 54' lang='lat' dir='ltr'>ponant„-</span> <span class='ocrx_word' id='word_1_12' title='bbox 825 461 892 558; x_wconf 74' lang='lat' dir='ltr'>Fac</span> <span class='ocrx_word' id='word_1_13' title='bbox 909 479 952 536; x_wconf 85' lang='lat' dir='ltr'>ur</span> 
     </span>
     <span class='ocr_line' id='line_1_3' title="bbox 37 571 1059 658; baseline 0.008 -18"><span class='ocrx_word' id='word_1_14' title='bbox 37 575 160 658; x_wconf 78' lang='lat' dir='ltr'>quisque</span> <span class='ocrx_word' id='word_1_15' title='bbox 181 574 214 640; x_wconf 88' lang='lat' dir='ltr'>iu</span> <span class='ocrx_word' id='word_1_16' title='bbox 240 573 388 644; x_wconf 86' lang='lat' dir='ltr'>secunda</span> <span class='ocrx_word' id='word_1_17' title='bbox 414 571 543 640; x_wconf 85' lang='lat' dir='ltr'>fortuna</span> <span class='ocrx_word' id='word_1_18' title='bbox 568 575 738 656; x_wconf 78' lang='lat' dir='ltr'><strong>modeste,</strong></span> <span class='ocrx_word' id='word_1_19' title='bbox 761 576 796 644; x_wconf 91' lang='lat' dir='ltr'>iu</span> <span class='ocrx_word' id='word_1_20' title='bbox 819 581 950 654; x_wconf 83' lang='lat' dir='ltr'>adversa</span> <span class='ocrx_word' id='word_1_21' title='bbox 1057 587 1059 592; x_wconf 86' lang='lat'>&#39;</span> 
     </span>
     <span class='ocr_line' id='line_1_4' title="bbox 40 686 948 771; baseline 0.004 -17"><span class='ocrx_word' id='word_1_22' title='bbox 40 689 167 771; x_wconf 76' lang='lat' dir='ltr'>forruu,</span> <span class='ocrx_word' id='word_1_23' title='bbox 185 705 218 754; x_wconf 81' lang='lat' dir='ltr'>sc</span> <span class='ocrx_word' id='word_1_24' title='bbox 243 697 349 771; x_wconf 80' lang='lat' dir='ltr'>gerat.</span> <span class='ocrx_word' id='word_1_25' title='bbox 393 686 513 754; x_wconf 78' lang='lat' dir='ltr'>sensus</span> <span class='ocrx_word' id='word_1_26' title='bbox 536 687 675 769; x_wconf 83' lang='lat' dir='ltr'>denique</span> <span class='ocrx_word' id='word_1_27' title='bbox 692 687 812 762; x_wconf 81' lang='lat' dir='ltr'>ciuium</span> <span class='ocrx_word' id='word_1_28' title='bbox 833 691 948 766; x_wconf 82' lang='lat' dir='ltr'>animia</span> 
     </span>
     <span class='ocr_line' id='line_1_5' title="bbox 44 803 948 890; baseline 0.011 -20"><span class='ocrx_word' id='word_1_29' title='bbox 44 805 155 890; x_wconf 78' lang='lat' dir='ltr'>subiice</span> <span class='ocrx_word' id='word_1_30' title='bbox 168 803 373 890; x_wconf 80' lang='lat' dir='ltr'>mgnificos,</span> <span class='ocrx_word' id='word_1_31' title='bbox 397 803 519 886; x_wconf 87' lang='lat' dir='ltr'>quibus</span> <span class='ocrx_word' id='word_1_32' title='bbox 547 806 586 872; x_wconf 87' lang='lat' dir='ltr'>ad</span> <span class='ocrx_word' id='word_1_33' title='bbox 615 807 777 888; x_wconf 82' lang='lat' dir='ltr'>praeclare</span> <span class='ocrx_word' id='word_1_34' title='bbox 803 806 889 878; x_wconf 83' lang='lat' dir='ltr'>facta</span> <span class='ocrx_word' id='word_1_35' title='bbox 914 825 948 880; x_wconf 90' lang='lat' dir='ltr'>et</span> 
     </span>
     <span class='ocr_line' id='line_1_6' title="bbox 50 917 949 1007; baseline 0.004 -19"><span class='ocrx_word' id='word_1_36' title='bbox 50 918 194 997; x_wconf 68' lang='lat' dir='ltr'>limitem</span> <span class='ocrx_word' id='word_1_37' title='bbox 220 917 442 990; x_wconf 84' lang='lat' dir='ltr'>imitationem</span> <span class='ocrx_word' id='word_1_38' title='bbox 477 920 693 1004; x_wconf 58' lang='lat' dir='ltr'>extollentem</span> <span class='ocrx_word' id='word_1_39' title='bbox 728 935 765 988; x_wconf 93' lang='lat' dir='ltr'>ut</span> <span class='ocrx_word' id='word_1_40' title='bbox 796 923 949 1007; x_wconf 87' lang='lat' dir='ltr'>spiritum</span> 
     </span>
     <span class='ocr_line' id='line_1_7' title="bbox 64 1036 949 1122; baseline 0 -14"><span class='ocrx_word' id='word_1_41' title='bbox 64 1036 385 1122; x_wconf 76' lang='lat' dir='ltr'>crimmguincmque</span> <span class='ocrx_word' id='word_1_42' title='bbox 406 1055 468 1122; x_wconf 90' lang='lat' dir='ltr'>pro</span> <span class='ocrx_word' id='word_1_43' title='bbox 487 1037 588 1118; x_wconf 81' lang='lat' dir='ltr'>partia</span> <span class='ocrx_word' id='word_1_44' title='bbox 601 1037 761 1106; x_wconf 83' lang='lat' dir='ltr'>effundere</span> <span class='ocrx_word' id='word_1_45' title='bbox 770 1059 837 1108; x_wconf 86' lang='lat' dir='ltr'>non</span> <span class='ocrx_word' id='word_1_46' title='bbox 852 1041 949 1108; x_wconf 87' lang='lat' dir='ltr'>dubi·</span> 
     </span>
    </p>

    <p class='ocr_par' dir='ltr' id='par_1_3' title="bbox 46 1149 1078 1828">
     <span class='ocr_line' id='line_1_8' title="bbox 68 1149 1062 1240; baseline 0.01 -22"><span class='ocrx_word' id='word_1_47' title='bbox 68 1169 129 1226; x_wconf 79' lang='lat' dir='ltr'>tur.</span> <span class='ocrx_word' id='word_1_48' title='bbox 153 1153 224 1222; x_wconf 78' lang='lat' dir='ltr'>ilaec</span> <span class='ocrx_word' id='word_1_49' title='bbox 251 1165 305 1218; x_wconf 81' lang='lat' dir='ltr'>est</span> <span class='ocrx_word' id='word_1_50' title='bbox 333 1152 390 1219; x_wconf 88' lang='lat' dir='ltr'>illa</span> <span class='ocrx_word' id='word_1_51' title='bbox 418 1149 650 1236; x_wconf 78' lang='lat' dir='ltr'><strong>Philosophiae</strong></span> <span class='ocrx_word' id='word_1_52' title='bbox 672 1153 801 1228; x_wconf 82' lang='lat' dir='ltr'>alumna</span> <span class='ocrx_word' id='word_1_53' title='bbox 818 1157 948 1234; x_wconf 73' lang='lat' dir='ltr'>Po&#39;e‘eia.</span> <span class='ocrx_word' id='word_1_54' title='bbox 977 1229 981 1240; x_wconf 62' lang='grc'><strong><em>,</em></strong></span> <span class='ocrx_word' id='word_1_55' title='bbox 1054 1225 1062 1238; x_wconf 86' lang='grc'><strong><em>,</em></strong></span> 
     </span>
     <span class='ocr_line' id='line_1_9' title="bbox 66 1248 1078 1356; baseline 0.004 -16"><span class='ocrx_word' id='word_1_56' title='bbox 66 1270 144 1340; x_wconf 75' lang='lat' dir='ltr'>lala</span> <span class='ocrx_word' id='word_1_57' title='bbox 162 1269 430 1356; x_wconf 79' lang='lat' dir='ltr'>magnificentiam</span> <span class='ocrx_word' id='word_1_58' title='bbox 448 1283 481 1336; x_wconf 89' lang='lat' dir='ltr'>et</span> <span class='ocrx_word' id='word_1_59' title='bbox 496 1271 648 1356; x_wconf 81' lang='lat' dir='ltr'>spiritum</span> <span class='ocrx_word' id='word_1_60' title='bbox 674 1273 814 1340; x_wconf 83' lang='lat' dir='ltr'>ostendit</span> <span class='ocrx_word' id='word_1_61' title='bbox 830 1275 946 1344; x_wconf 82' lang='lat' dir='ltr'>Pinda-</span> <span class='ocrx_word' id='word_1_62' title='bbox 1073 1248 1078 1258; x_wconf 45' lang='lat'>⁵</span> 
     </span>
     <span class='ocr_line' id='line_1_10' title="bbox 60 1384 948 1476; baseline 0.005 -22"><span class='ocrx_word' id='word_1_63' title='bbox 60 1405 115 1468; x_wconf 82' lang='lat' dir='ltr'>trs,</span> <span class='ocrx_word' id='word_1_64' title='bbox 130 1384 432 1472; x_wconf 80' lang='lat' dir='ltr'>grandiloquenriem</span> <span class='ocrx_word' id='word_1_65' title='bbox 457 1403 494 1455; x_wconf 78' lang='lat' dir='ltr'>te</span> <span class='ocrx_word' id='word_1_66' title='bbox 512 1403 630 1453; x_wconf 81' lang='lat' dir='ltr'>sonum</span> <span class='ocrx_word' id='word_1_67' title='bbox 647 1386 855 1472; x_wconf 81' lang='lat' dir='ltr'>Aeschylus.</span> <span class='ocrx_word' id='word_1_68' title='bbox 877 1409 948 1476; x_wconf 79' lang='lat' dir='ltr'>gra-</span> 
     </span>
     <span class='ocr_line' id='line_1_11' title="bbox 50 1499 947 1586; baseline 0.004 -16"><span class='ocrx_word' id='word_1_69' title='bbox 50 1505 153 1582; x_wconf 70' lang='lat' dir='ltr'>aaron</span> <span class='ocrx_word' id='word_1_70' title='bbox 173 1523 204 1577; x_wconf 86' lang='lat' dir='ltr'>tt</span> <span class='ocrx_word' id='word_1_71' title='bbox 229 1502 464 1572; x_wconf 81' lang='lat' dir='ltr'>sublimitatem</span> <span class='ocrx_word' id='word_1_72' title='bbox 483 1501 684 1586; x_wconf 86' lang='lat' dir='ltr'>Sophocles,</span> <span class='ocrx_word' id='word_1_73' title='bbox 706 1499 862 1572; x_wconf 87' lang='lat' dir='ltr'>affectum</span> <span class='ocrx_word' id='word_1_74' title='bbox 885 1507 947 1574; x_wconf 82' lang='lat' dir='ltr'>ele·</span> 
     </span>
     <span class='ocr_line' id='line_1_12' title="bbox 46 1617 948 1718; baseline 0.002 -32"><span class='ocrx_word' id='word_1_75' title='bbox 46 1623 220 1709; x_wconf 66' lang='lat' dir='ltr'>papamque</span> <span class='ocrx_word' id='word_1_76' title='bbox 248 1621 457 1704; x_wconf 79' lang='lat' dir='ltr'>Euripides3</span> <span class='ocrx_word' id='word_1_77' title='bbox 489 1637 600 1688; x_wconf 89' lang='lat' dir='ltr'>omnes</span> <span class='ocrx_word' id='word_1_78' title='bbox 633 1617 769 1707; x_wconf 82' lang='lat' dir='ltr'>denique</span> <span class='ocrx_word' id='word_1_79' title='bbox 799 1621 948 1718; x_wconf 83' lang='lat' dir='ltr'>omnium</span> 
     </span>
     <span class='ocr_line' id='line_1_13' title="bbox 47 1739 647 1828; baseline -0.012 -15"><span class='ocrx_word' id='word_1_80' title='bbox 47 1745 160 1812; x_wconf 75' lang='lat' dir='ltr'>virtutes</span> <span class='ocrx_word' id='word_1_81' title='bbox 176 1742 365 1828; x_wconf 86' lang='lat' dir='ltr'>complexus</span> <span class='ocrx_word' id='word_1_82' title='bbox 391 1753 444 1806; x_wconf 88' lang='lat' dir='ltr'>est</span> <span class='ocrx_word' id='word_1_83' title='bbox 466 1739 647 1806; x_wconf 87' lang='lat' dir='ltr'>Homerus.</span> 
     </span>
    </p>

    <p class='ocr_par' dir='ltr' id='par_1_4' title="bbox 46 1852 952 2298">
     <span class='ocr_line' id='line_1_14' title="bbox 85 1852 951 1946; baseline -0.007 -18"><span class='ocrx_word' id='word_1_84' title='bbox 85 1862 176 1944; x_wconf 79' lang='lat' dir='ltr'>Atque</span> <span class='ocrx_word' id='word_1_85' title='bbox 200 1860 270 1928; x_wconf 88' lang='lat' dir='ltr'>Vos</span> <span class='ocrx_word' id='word_1_86' title='bbox 291 1861 360 1946; x_wconf 87' lang='lat' dir='ltr'>jam</span> <span class='ocrx_word' id='word_1_87' title='bbox 386 1853 565 1940; x_wconf 83' lang='lat' dir='ltr'>intelligere</span> <span class='ocrx_word' id='word_1_88' title='bbox 580 1852 746 1936; x_wconf 77' lang='lat' dir='ltr'>¹arbitror,</span> <span class='ocrx_word' id='word_1_89' title='bbox 777 1855 951 1929; x_wconf 81' lang='lat' dir='ltr'>Auditorca</span> 
     </span>
     <span class='ocr_line' id='line_1_15' title="bbox 46 1971 952 2058; baseline -0.008 -16"><span class='ocrx_word' id='word_1_90' title='bbox 46 1975 278 2058; x_wconf 82' lang='lat' dir='ltr'>Hrmnissimi‚</span> <span class='ocrx_word' id='word_1_91' title='bbox 300 1975 386 2042; x_wconf 91' lang='lat' dir='ltr'>illud</span> <span class='ocrx_word' id='word_1_92' title='bbox 404 1973 494 2056; x_wconf 90' lang='lat' dir='ltr'>quod</span> <span class='ocrx_word' id='word_1_93' title='bbox 518 1971 749 2040; x_wconf 83' lang='lat' dir='ltr'>ostendendum</span> <span class='ocrx_word' id='word_1_94' title='bbox 769 1971 846 2038; x_wconf 87' lang='lat' dir='ltr'>mihi</span> <span class='ocrx_word' id='word_1_95' title='bbox 863 1987 952 2046; x_wconf 58' lang='lat' dir='ltr'>sum,</span> 
     </span>
     <span class='ocr_line' id='line_1_16' title="bbox 48 2087 951 2194; baseline -0.006 -30"><span class='ocrx_word' id='word_1_96' title='bbox 48 2115 157 2180; x_wconf 82' lang='lat' dir='ltr'>seram,</span> <span class='ocrx_word' id='word_1_97' title='bbox 175 2117 242 2166; x_wconf 81' lang='lat' dir='ltr'>rere</span> <span class='ocrx_word' id='word_1_98' title='bbox 270 2097 464 2182; x_wconf 75' lang='lat' dir='ltr'>appellatam</span> <span class='ocrx_word' id='word_1_99' title='bbox 488 2111 558 2160; x_wconf 85' lang='lat' dir='ltr'>esse</span> <span class='ocrx_word' id='word_1_100' title='bbox 582 2111 600 2157; x_wconf 87' lang='lat' dir='ltr'>a</span> <span class='ocrx_word' id='word_1_101' title='bbox 622 2089 779 2194; x_wconf 63' lang='lat' dir='ltr'>Cicerone</span> <span class='ocrx_word' id='word_1_102' title='bbox 800 2087 951 2159; x_wconf 70' lang='lat' dir='ltr'>Philosm</span> 
     </span>
     <span class='ocr_line' id='line_1_17' title="bbox 48 2205 946 2298; baseline -0.002 -18"><span class='ocrx_word' id='word_1_103' title='bbox 48 2215 372 2298; x_wconf 65' lang='lat' dir='ltr'>primordiorum</span> <span class='ocrx_word' id='word_1_104' title='bbox 395 2209 511 2280; x_wconf 87' lang='lat' dir='ltr'>artium</span> <span class='ocrx_word' id='word_1_105' title='bbox 534 2207 681 2286; x_wconf 78' lang='lat' dir='ltr'>omniurn</span> <span class='ocrx_word' id='word_1_106' title='bbox 699 2205 946 2291; x_wconf 80' lang='lat' dir='ltr'>procreatricem</span> 
     </span>
    </p>

    <p class='ocr_par' dir='ltr' id='par_1_5' title="bbox 1 2323 948 2886">
     <span class='ocr_line' id='line_1_18' title="bbox 1 2323 945 2416; baseline -0.004 -20"><span class='ocrx_word' id='word_1_107' title='bbox 1 2359 2 2381; x_wconf 59' lang='lat' dir='ltr'>r</span> <span class='ocrx_word' id='word_1_108' title='bbox 44 2347 134 2413; x_wconf 80' lang='lat' dir='ltr'>atque</span> <span class='ocrx_word' id='word_1_109' title='bbox 147 2345 308 2416; x_wconf 78' lang='lat' dir='ltr'>parentem.</span> <span class='ocrx_word' id='word_1_110' title='bbox 363 2327 569 2413; x_wconf 86' lang='lat' dir='ltr'>Quamquam</span> <span class='ocrx_word' id='word_1_111' title='bbox 598 2341 703 2411; x_wconf 85' lang='lat' dir='ltr'>neque</span> <span class='ocrx_word' id='word_1_112' title='bbox 727 2323 765 2388; x_wconf 87' lang='lat' dir='ltr'>de</span> <span class='ocrx_word' id='word_1_113' title='bbox 791 2323 945 2392; x_wconf 80' lang='lat' dir='ltr'>omnibus</span> 
     </span>
     <span class='ocr_line' id='line_1_19' title="bbox 44 2445 946 2531; baseline -0.007 -15"><span class='ocrx_word' id='word_1_114' title='bbox 44 2451 149 2516; x_wconf 79' lang='lat' dir='ltr'>troius</span> <span class='ocrx_word' id='word_1_115' title='bbox 168 2451 252 2518; x_wconf 79' lang='lat' dir='ltr'>dixi:</span> <span class='ocrx_word' id='word_1_116' title='bbox 278 2466 387 2531; x_wconf 87' lang='lat' dir='ltr'>neque</span> <span class='ocrx_word' id='word_1_117' title='bbox 403 2448 442 2514; x_wconf 92' lang='lat' dir='ltr'>de</span> <span class='ocrx_word' id='word_1_118' title='bbox 457 2445 592 2530; x_wconf 81' lang='lat' dir='ltr'>paucis,</span> <span class='ocrx_word' id='word_1_119' title='bbox 616 2463 697 2528; x_wconf 85' lang='lat' dir='ltr'>quae</span> <span class='ocrx_word' id='word_1_120' title='bbox 714 2447 946 2518; x_wconf 57' lang='lat' dir='ltr'>commemora,</span> 
     </span>
     <span class='ocr_line' id='line_1_20' title="bbox 45 2559 947 2646; baseline -0.002 -22"><span class='ocrx_word' id='word_1_121' title='bbox 45 2577 84 2624; x_wconf 79' lang='lat' dir='ltr'>uc</span> <span class='ocrx_word' id='word_1_122' title='bbox 102 2578 189 2646; x_wconf 83' lang='lat' dir='ltr'>sunt,</span> <span class='ocrx_word' id='word_1_123' title='bbox 209 2563 323 2630; x_wconf 86' lang='lat' dir='ltr'>omnia</span> <span class='ocrx_word' id='word_1_124' title='bbox 339 2559 497 2644; x_wconf 77' lang='lat' dir='ltr'>exposuit</span> <span class='ocrx_word' id='word_1_125' title='bbox 520 2561 611 2641; x_wconf 87' lang='lat' dir='ltr'>quod</span> <span class='ocrx_word' id='word_1_126' title='bbox 631 2561 758 2642; x_wconf 86' lang='lat' dir='ltr'>quidem</span> <span class='ocrx_word' id='word_1_127' title='bbox 784 2559 947 2634; x_wconf 85' lang='lat' dir='ltr'>inlinitum</span> 
     </span>
     <span class='ocr_line' id='line_1_21' title="bbox 43 2671 948 2760; baseline -0.004 -20"><span class='ocrx_word' id='word_1_128' title='bbox 43 2675 94 2757; x_wconf 80' lang='lat' dir='ltr'>sir,</span> <span class='ocrx_word' id='word_1_129' title='bbox 119 2697 179 2746; x_wconf 84' lang='lat' dir='ltr'>non</span> <span class='ocrx_word' id='word_1_130' title='bbox 201 2679 302 2748; x_wconf 87' lang='lat' dir='ltr'>modo</span> <span class='ocrx_word' id='word_1_131' title='bbox 328 2691 514 2760; x_wconf 78' lang='lat' dir='ltr'>percensere</span> <span class='ocrx_word' id='word_1_132' title='bbox 538 2671 703 2757; x_wconf 80' lang='lat' dir='ltr'>oratione,</span> <span class='ocrx_word' id='word_1_133' title='bbox 733 2675 791 2742; x_wconf 86' lang='lat' dir='ltr'>sed</span> <span class='ocrx_word' id='word_1_134' title='bbox 815 2689 948 2759; x_wconf 77' lang='lat' dir='ltr'>percur-</span> 
     </span>
     <span class='ocr_line' id='line_1_22' title="bbox 41 2803 347 2886; baseline 0.013 -20"><span class='ocrx_word' id='word_1_135' title='bbox 41 2818 95 2866; x_wconf 83' lang='lat' dir='ltr'>rere</span> <span class='ocrx_word' id='word_1_136' title='bbox 112 2803 313 2886; x_wconf 71' lang='lat' dir='ltr'>cogitatione.</span> <span class='ocrx_word' id='word_1_137' title='bbox 344 2831 347 2836; x_wconf 93' lang='lat'>·</span> 
     </span>
    </p>

    <p class='ocr_par' dir='ltr' id='par_1_6' title="bbox 43 2910 1071 3458">
     <span class='ocr_line' id='line_1_23' title="bbox 73 2910 948 3001; baseline -0.011 -21"><span class='ocrx_word' id='word_1_138' title='bbox 73 2913 140 3000; x_wconf 84' lang='lat' dir='ltr'>Quo</span> <span class='ocrx_word' id='word_1_139' title='bbox 158 2916 258 3001; x_wconf 85' lang='lat' dir='ltr'>magis</span> <span class='ocrx_word' id='word_1_140' title='bbox 277 2912 390 2986; x_wconf 86' lang='lat' dir='ltr'>timere</span> <span class='ocrx_word' id='word_1_141' title='bbox 407 2910 551 2996; x_wconf 86' lang='lat' dir='ltr'>incipio,</span> <span class='ocrx_word' id='word_1_142' title='bbox 572 2911 696 2979; x_wconf 82' lang='lat' dir='ltr'>Patriae</span> <span class='ocrx_word' id='word_1_143' title='bbox 713 2911 843 2992; x_wconf 82' lang='lat' dir='ltr'>Patres,</span> <span class='ocrx_word' id='word_1_144' title='bbox 865 2929 948 2995; x_wconf 86' lang='lat' dir='ltr'>quo.</span> 
     </span>
     <span class='ocr_line' id='line_1_24' title="bbox 43 3024 948 3110; baseline 0 -18"><span class='ocrx_word' id='word_1_145' title='bbox 43 3031 120 3098; x_wconf 85' lang='lat' dir='ltr'>uolo</span> <span class='ocrx_word' id='word_1_146' title='bbox 138 3031 285 3110; x_wconf 86' lang='lat' dir='ltr'>muneri,</span> <span class='ocrx_word' id='word_1_147' title='bbox 318 3027 409 3110; x_wconf 90' lang='lat' dir='ltr'>quod</span> <span class='ocrx_word' id='word_1_148' title='bbox 435 3025 468 3093; x_wconf 89' lang='lat' dir='ltr'>in</span> <span class='ocrx_word' id='word_1_149' title='bbox 494 3045 544 3092; x_wconf 88' lang='lat' dir='ltr'>me</span> <span class='ocrx_word' id='word_1_150' title='bbox 567 3025 776 3109; x_wconf 80' lang='lat' dir='ltr'>contulistis,</span> <span class='ocrx_word' id='word_1_151' title='bbox 807 3024 948 3100; x_wconf 83' lang='lat' dir='ltr'>ferunlo</span> 
     </span>
     <span class='ocr_line' id='line_1_25' title="bbox 44 3143 951 3230; baseline -0.006 -18"><span class='ocrx_word' id='word_1_152' title='bbox 44 3165 88 3230; x_wconf 84' lang='lat' dir='ltr'>par</span> <span class='ocrx_word' id='word_1_153' title='bbox 105 3147 172 3216; x_wconf 86' lang='lat' dir='ltr'>sim.</span> <span class='ocrx_word' id='word_1_154' title='bbox 216 3145 371 3214; x_wconf 86' lang='lat' dir='ltr'>Octavus</span> <span class='ocrx_word' id='word_1_155' title='bbox 394 3144 447 3211; x_wconf 90' lang='lat' dir='ltr'>hic</span> <span class='ocrx_word' id='word_1_156' title='bbox 465 3163 569 3212; x_wconf 87' lang='lat' dir='ltr'>annus</span> <span class='ocrx_word' id='word_1_157' title='bbox 587 3160 635 3210; x_wconf 89' lang='lat' dir='ltr'>est</span> <span class='ocrx_word' id='word_1_158' title='bbox 660 3163 733 3216; x_wconf 82' lang='lat' dir='ltr'>curn</span> <span class='ocrx_word' id='word_1_159' title='bbox 758 3143 790 3210; x_wconf 88' lang='lat' dir='ltr'>in</span> <span class='ocrx_word' id='word_1_160' title='bbox 811 3143 951 3210; x_wconf 66' lang='lat' dir='ltr'>liemon.</span> 
     </span>
     <span class='ocr_line' id='line_1_26' title="bbox 47 3257 948 3353; baseline 0.007 -33"><span class='ocrx_word' id='word_1_161' title='bbox 47 3263 184 3326; x_wconf 72' lang='lat' dir='ltr'>amioum</span> <span class='ocrx_word' id='word_1_162' title='bbox 211 3259 338 3327; x_wconf 87' lang='lat' dir='ltr'>Schola</span> <span class='ocrx_word' id='word_1_163' title='bbox 364 3257 595 3353; x_wconf 81' lang='lat' dir='ltr'>Philosophiae</span> <span class='ocrx_word' id='word_1_164' title='bbox 616 3257 817 3340; x_wconf 85' lang='lat' dir='ltr'>disciplinam</span> <span class='ocrx_word' id='word_1_165' title='bbox 840 3277 948 3348; x_wconf 62' lang='lat' dir='ltr'>susce</span> 
     </span>
     <span class='ocr_line' id='line_1_27' title="bbox 50 3367 1071 3458; baseline 0.009 -23"><span class='ocrx_word' id='word_1_166' title='bbox 50 3367 93 3448; x_wconf 87' lang='lat' dir='ltr'>pi:</span> <span class='ocrx_word' id='word_1_167' title='bbox 109 3376 324 3456; x_wconf 80' lang='lat' dir='ltr'>recideretque</span> <span class='ocrx_word' id='word_1_168' title='bbox 347 3391 382 3440; x_wconf 87' lang='lat' dir='ltr'>ee</span> <span class='ocrx_word' id='word_1_169' title='bbox 401 3373 480 3450; x_wconf 86' lang='lat' dir='ltr'>milri</span> <span class='ocrx_word' id='word_1_170' title='bbox 505 3374 672 3458; x_wconf 84' lang='lat' dir='ltr'>provincia</span> <span class='ocrx_word' id='word_1_171' title='bbox 697 3393 770 3441; x_wconf 92' lang='lat' dir='ltr'>cum</span> <span class='ocrx_word' id='word_1_172' title='bbox 793 3375 948 3444; x_wconf 81' lang='lat' dir='ltr'>honorii·</span> <span class='ocrx_word' id='word_1_173' title='bbox 1068 3395 1071 3406; x_wconf 83' lang='grc'>’</span> 
     </span>
    </p>

    <p class='ocr_par' dir='ltr' id='par_1_7' title="bbox 1 3487 957 3917">
     <span class='ocr_line' id='line_1_28' title="bbox 1 3487 950 3599; baseline 0.004 -43"><span class='ocrx_word' id='word_1_174' title='bbox 1 3563 2 3599; x_wconf 25' lang='grc'>1</span> <span class='ocrx_word' id='word_1_175' title='bbox 54 3501 234 3576; x_wconf 78' lang='lat' dir='ltr'>t²‚proptet</span> <span class='ocrx_word' id='word_1_176' title='bbox 261 3489 336 3574; x_wconf 85' lang='lat' dir='ltr'>ejus</span> <span class='ocrx_word' id='word_1_177' title='bbox 367 3487 504 3560; x_wconf 82' lang='lat' dir='ltr'>Scholae</span> <span class='ocrx_word' id='word_1_178' title='bbox 533 3489 672 3571; x_wconf 83' lang='lat' dir='ltr'>famam,</span> <span class='ocrx_word' id='word_1_179' title='bbox 696 3504 765 3558; x_wconf 88' lang='lat' dir='ltr'>tum</span> <span class='ocrx_word' id='word_1_180' title='bbox 784 3491 950 3580; x_wconf 82' lang='lat' dir='ltr'>jucunda,</span> 
     </span>
     <span class='ocr_line' id='line_1_29' title="bbox 1 3602 951 3689; baseline 0.011 -23"><span class='ocrx_word' id='word_1_181' title='bbox 1 3644 2 3655; x_wconf 31' lang='lat' dir='ltr'>r</span> <span class='ocrx_word' id='word_1_182' title='bbox 51 3615 156 3687; x_wconf 78' lang='lat' dir='ltr'>proptu</span> <span class='ocrx_word' id='word_1_183' title='bbox 167 3606 270 3689; x_wconf 84' lang='lat' dir='ltr'>ipsam</span> <span class='ocrx_word' id='word_1_184' title='bbox 295 3602 433 3674; x_wconf 83' lang='lat' dir='ltr'>ducendi</span> <span class='ocrx_word' id='word_1_185' title='bbox 459 3605 951 3688; x_wconf 77' lang='lat' dir='ltr'>voluptatem,qrralrr1manis·</span> 
     </span>
     <span class='ocr_line' id='line_1_30' title="bbox 50 3710 953 3816; baseline -0.004 -26"><span class='ocrx_word' id='word_1_186' title='bbox 50 3710 139 3790; x_wconf 81' lang='lat' dir='ltr'>riuus</span> <span class='ocrx_word' id='word_1_187' title='bbox 157 3721 292 3816; x_wconf 81' lang='lat' dir='ltr'>quisque</span> <span class='ocrx_word' id='word_1_188' title='bbox 317 3716 452 3796; x_wconf 76' lang='lat' dir='ltr'>maxime</span> <span class='ocrx_word' id='word_1_189' title='bbox 467 3718 611 3796; x_wconf 76' lang='lat' dir='ltr'>ducitur.</span> <span class='ocrx_word' id='word_1_190' title='bbox 655 3717 754 3798; x_wconf 79' lang='lat' dir='ltr'>Nunc</span> <span class='ocrx_word' id='word_1_191' title='bbox 777 3720 869 3808; x_wconf 74' lang='lat' dir='ltr'>Vos,</span> <span class='ocrx_word' id='word_1_192' title='bbox 893 3721 953 3816; x_wconf 66' lang='lat' dir='ltr'>Pe·</span> 
     </span>
     <span class='ocr_line' id='line_1_31' title="bbox 509 3831 957 3917; baseline 0.007 -11"><span class='ocrx_word' id='word_1_193' title='bbox 509 3831 582 3917; x_wconf 78' lang='lat' dir='ltr'>lis</span> <span class='ocrx_word' id='word_1_194' title='bbox 880 3834 957 3910; x_wconf 74' lang='lat' dir='ltr'>triae</span> 
     </span>
    </p>
   </div>
   <div class='ocr_carea' id='block_1_3' title="bbox 0 0 1180 4716">
    <p class='ocr_par' dir='ltr' id='par_1_8' title="bbox 0 0 1180 4716">
     <span class='ocr_line' id='line_1_32' title="bbox 0 0 1180 4716; baseline 0 0"><span class='ocrx_word' id='word_1_195' title='bbox 0 0 1180 4716; x_wconf 95' lang='lat' dir='ltr'> </span> 
     </span>
    </p>
   </div>
  </div>
 </body>
</html>
