2508 4712
227 252 437 406 uitro.
466 317 805 405 tonnitorum
918 335 986 432 sp

59 513 94 596 in
109 525 218 595 inimo
234 519 409 590 nubebut’b
454 517 528 588 Hoc
546 519 649 605 igitur
665 521 731 604 egit
744 511 982 606 Minimus,

58 641 196 712 Albertii
213 639 401 708 sententiam
420 641 584 720 explicans
612 635 789 720 multisque
804 639 984 710 redonibus

55 746 263 828 confirmans.
308 758 386 822 Erat
397 767 501 821 autem
515 755 569 821 itte
579 754 816 838 oirfamiltam
828 759 866 819 in
880 748 986 822 Grae·

51 883 103 946 ‘cis
123 875 252 941 Litoris
270 872 403 953 duent,
436 867 686 952 Valckenariust
710 872 767 952 qui
785 870 819 936 in
835 869 987 953 Epistoit

56 994 98 1059 ad
122 963 177 1057 M.
194 989 387 1068 noverum,
417 987 500 1052 hauc
524 1001 614 1052 suam
637 986 855 1070 suspicionem
877 983 989 1070 prodi·

53 1107 165 1189 derat,
188 1107 222 1171 in
250 1118 349 1186 eaque
373 1121 408 1170 se
432 1117 545 1188 postea
572 1102 752 1185 perstitisse
774 1119 910 1170 testatus
935 1114 992 1188 est-

51 1223 94 1288 ud
121 1219 332 1290 Theoutitbm
351 1219 497 1302 Digress·
517 1216 574 1285 Νι
609 1227 645 1302 ρ,
666 1237 742 1303 299·
787 1218 982 1301 Caeterum,

52 1337 271 1404 Ruhnkenius
284 1337 318 1403 in
337 1335 681 1404 Animadversionibus
694 1349 727 1405 et
739 1337 894 1404 ductario
905 1347 983 1405 cunt

50 1461 132 1527 aiios
149 1455 307 1542 Hesycbii
324 1459 415 1525 locos
434 1457 619 1542 expedivit,
643 1473 712 1525 tunt
735 1454 775 1527 de
784 1458 884 1542 faustis
900 1457 983 1525 Dio·

51 1580 217 1657 nysiorum
236 1573 344 1640 dlebus
359 1574 549 1657 praeciateo't
568 1564 654 1640 iilam
675 1575 820 1658 prodidit
834 1576 984 1660 disputa*

49 1693 174 1752 tionem
194 1705 258 1770 qut
276 1697 386 1754 eorum
404 1689 557 1755 rationem
568 1687 751 1771 impeditam
767 1702 856 1756 antea
872 1701 904 1754 et
919 1689 979 1754 ob-

48 1820 180 1870 scuram
193 1845 205 1886 ,
220 1802 554 1889 varioquedoctotum
573 1803 740 1872 homiuum
755 1805 983 1872 dissensuros·

49 1919 158 1984 batam
176 1920 342 2004 expedivit
358 1933 391 1986 et
409 1917 598 1986 iilustravit·
629 1920 739 2002 Atque
753 1932 889 2000 utraque
913 1917 980 1983 uisa

46 2041 222 2126 putatione
229 2041 355 2107 illustre
368 2039 517 2106 exhibuit
530 2039 694 2123 specimen
708 2039 839 2106 criticae
846 2037 982 2105 taculum

44 2155 218 2237 titinius,
237 2173 320 2238 quae
335 2173 402 2222 non
421 2156 527 2222 solum
541 2155 575 2222 in
586 2155 801 2236 emendando,
817 2155 874 2222 sed
890 2168 922 2221 et
932 2153 981 2222 itt·

43 2274 256 2356 terpretando
273 2289 309 2340 uc
326 2273 512 2340 disserendo
536 2274 698 2354 cernitur,
717 2284 748 2338 et
773 2270 978 2355 propositam

43 2402 200 2458 caussam
230 2401 269 2453 ex
302 2398 560 2472 argumentorum
587 2387 716 2454 latebris
743 2393 775 2454 et
799 2385 980 2455 involucris

45 2515 101 2589 per
113 2503 282 2586 ancipites
297 2519 334 2566 ae
344 2491 550 2572 difficillimos
560 2503 799 2572 dubitationum
815 2501 982 2570 anfractus

43 2622 82 2686 'ud
102 2618 269 2702 liquidum
290 2619 487 2701 planumque
502 2621 645 2715 deducit.
670 2622 849 2701 Utramque
861 2614 983 2701 proba*

41 2731 355 2803 vitHemsterhusio
372 2737 576 2800 cuoanamis
594 2736 716 2801 annin.
742 2753 771 2799 st
792 2729 983 2818 sexagesimi
1100 2805 1105 2819 ¹

45 2865 77 2916 et
94 2850 204 2934 quinti
217 2861 335 2914 mense
352 2850 527 2931 Augusto,
546 2842 840 2930 quoRubnkenius
854 2842 981 2913 undat

44 2964 124 3032 tioni
141 2974 175 3030 et
186 2974 306 3048 operte
321 2961 647 3045 Hesychianaeiinem
666 2961 843 3046 imposuit,
857 2974 889 3026 et
905 2973 982 3028 eor·

44 3099 121 3163 pore
135 3082 222 3148 satis
242 3077 392 3159 valebat,
410 3093 447 3145 ut
465 3079 714 3166 octogenarius,
732 3092 764 3144 et
781 3077 980 3162 ingeniosi·

46 3197 136 3279 gebat
147 3198 188 3262 ad
205 3195 442 3280 judicandum,
455 3195 484 3260 si
505 3195 632 3277 quidem
652 3197 671 3260 d
687 3193 847 3260 monitore
861 3187 983 3260 excita·

46 3325 148 3379 retur:
175 3311 292 3392 itaque
317 3305 355 3376 ab
383 3310 446 3376 hoc
464 3311 622 3376 excitatus
638 3309 758 3377 moitis
777 3329 850 3376 cum
868 3328 927 3391 eo,
948 3317 982 3382 et

45 3405 187 3510 aliss‚et
213 3427 257 3491 ad
288 3421 486 3507 Hes'ychium
507 3428 708 3508 ornandum,
735 3426 983 3494 animadversio·

43 3559 99 3610 nes
120 3538 396 3612 communicavit.
441 3540 603 3624 Sequente
621 3543 746 3609 demum
767 3562 852 3612 anuo
873 3543 980 3632 1766,

44 3673 154 3728 mense
167 3656 306 3744 Aprili,
329 3655 411 3722 diem
430 3653 515 3724 obiit
531 3672 728 3740 supremum.

85 3775 174 3843 Nam
200 3776 231 3841 is
260 3770 326 3839 fuit
355 3773 460 3842 exitus
484 3770 751 3854 Hemsterhusio‚
775 3781 812 3838 ut
827 3773 857 3840 ei
875 3763 983 3844 inielo

45 3903 104 3961 ttae
120 3887 284 3962 tendenti
300 3901 388 3956 mors
406 3888 588 3972 obreperet:
610 3887 674 3955 fuit
691 3889 774 3967 etum
794 3888 871 3958 baec
896 3891 985 3976 ejusae

519 4000 614 4072 Sta
737 3993 739 4000 ’
817 4045 821 4066 .
915 4011 985 4072 mu·
