2572 4710
279 237 330 357 io
374 273 377 282 ’
425 229 602 334 onhuro
624 209 685 332 ou
707 263 1067 355 coNJUNcTIObiE
1120 342 1125 354 .

278 439 460 539 disjunxit,
493 469 532 528 ut
564 437 616 520 eei
639 445 674 520 in
699 459 983 542 numerosior,
1011 463 1064 528 vel
1085 481 1138 533 ors
1164 463 1209 534 ad

274 563 391 644 'r'hutua
416 571 534 642 auxilia
558 573 705 654 flectere,
734 581 838 641 nemo·
848 575 1021 658 quisquam
1041 597 1139 662 posse
1156 581 1209 650 ui·

277 681 411 773 deutur,
432 703 464 756 et
489 701 556 772 quo
583 688 658 771 quis
674 677 867 756 Graecarum
884 683 1137 779 Latinarumque
1152 695 1211 766 iit·

277 817 413 874 terarum
447 805 559 872 rudior
591 819 662 888 est,
692 823 732 871 eo
757 803 865 888 aptior
889 809 930 874 cd
960 803 1210 894 Philosophiam

274 924 444 994 habeatur.
488 915 551 989 Sed
567 939 629 988 nos
646 935 713 988 uon
731 921 775 988 ita
790 938 934 989 nostram
951 940 1089 992 mentem
1103 924 1211 1012 recipi

276 1041 436 1122 velimus,
470 1055 507 1106 ac
537 1037 567 1106 si
598 1039 706 1106 verbis
732 1033 867 1106 GreecIs
889 1053 921 1106 et
945 1039 1075 1108 Latinis
1099 1061 1135 1110 ea
1157 1043 1212 1111 in·

276 1153 362 1223 'essct
383 1155 459 1236 vis,
482 1167 539 1236 ut,
571 1169 639 1236 quo
667 1154 743 1236 quis
771 1155 919 1240 majorem
947 1173 1059 1224 eorum
1077 1159 1209 1241 copiam

278 1269 432 1340 memoria
463 1263 772 1354 comprehenderit,
814 1287 853 1336 eo
889 1271 990 1354 major
1029 1271 1123 1338 etiam
1159 1272 1209 1338 sit

278 1381 519 1470 Philosophum
552 1401 663 1450 verunt
691 1385 754 1451 hoc
778 1383 940 1466 dicimus,
972 1386 999 1451 si
1024 1387 1099 1468 quis
1123 1387 1213 1453 anti·

194 1515 200 1530 ¹
281 1513 422 1584 quorum
446 1499 744 1584 Philosophorum,
782 1497 1052 1582 Historicorum,
1090 1501 1213 1568 Orato-

198 1685 204 1694 ,
278 1632 353 1683 rum
375 1634 413 1683 ac
436 1615 605 1682 Poetarum
626 1614 765 1682 lectione
788 1616 951 1701 ingenium
975 1617 1138 1700 subegerit
1160 1631 1210 1686 at·

281 1749 346 1816 que
369 1730 568 1815 excoluerit,
599 1733 736 1800 eumad
766 1729 1003 1816 suscipiendam
1035 1753 1211 1817 assequere·

268 1837 421 1934 'demque
445 1848 689 1933 Philosophiam
717 1847 878 1932 egregium
907 1847 971 1917 srbi
1004 1865 1209 1932 comparasse

280 1967 513 2049 adjumentum.
566 1965 676 2044 Atque
698 1961 762 2026 hoe
791 1963 918 2042 quidem
946 1963 1087 2044 primum
1111 1981 1211 2048 expe.

270 2075 413 2150 'rientiae
429 2075 625 2145 testimoniis
643 2077 731 2142 omni
748 2074 936 2157 exceptione
948 2079 1127 2164 majoribus
1140 2079 1211 2163 jam

269 2189 590 2282 comprobabimus,
620 2193 733 2260 deinde
759 2194 939 2262 rationibus
965 2215 1005 2264 ex
1035 2197 1080 2264 rei
1102 2199 1211 2284 ipsius

268 2304 393 2388 'natura
413 2315 522 2384 ductis
543 2311 741 2380 euincemus.

323 2434 399 2504 Sive
414 2435 516 2520 igitur
536 2445 679 2500 nostram
702 2445 831 2502 aetatem
849 2436 1107 2520 consideremus,
1130 2439 1203 2507 siue

269 2537 483 2636 'antiquitatis
510 2550 693 2616 memoriam
711 2565 891 2634 repetamus
912 2553 1075 2636 ultimum,
1097 2568 1208 2624 uerum

268 2651 523 2752 ⁴Philosophiam
543 2681 616 2730 cum
643 2661 871 2752 elegantiorem
893 2667 1069 2735 litteratum
1095 2670 1209 2740 studio

281 2795 315 2854 et
347 2785 477 2852 stetisse
499 2797 532 2848 et
554 2782 711 2848 cecidisse
736 2783 939 2865 reperiemus.
990 2775 1095 2870 Nam,
1128 2803 1207 2858 uta

280 2899 417 2969 Graecis
442 2896 569 2979 ordiar,
601 2897 738 2981 primum
776 2901 862 2982 apud
889 2900 980 2983 ipsos
1005 2901 1116 2970 poesis
1147 2903 1210 2974 iio·

268 3004 369 3104 tuit,
390 3035 532 3101 cumque
550 3013 761 3101 Philosophia
778 3019 929 3102 paulatim
961 3021 1114 3090 subnasci
1132 3043 1209 3092 coe·

268 3115 407 3226 upisset,
446 3135 519 3221 ipsa
545 3149 678 3220 quoque
709 3153 776 3201 nou
801 3136 940 3218 pedestri
970 3155 1116 3205 sermone
1149 3140 1208 3208 sed

153 3338 159 3354 1
265 3241 480 3352 Jcarminibus
498 3247 730 3322 illustrabatur.
774 3247 942 3320 Neminem
966 3251 1061 3322 fecile
1080 3254 1211 3340 fugiant

282 3363 403 3450 Solon,
444 3363 650 3450 Simonides,
686 3365 926 3451 Epicharmus,
968 3371 1207 3480 Empedocles,

280 3473 672 3570 Parmenides,'cririae,
702 3485 779 3568 aiii,
802 3479 865 3570 qni
882 3489 982 3555 simul
1002 3503 1033 3553 et
1055 3485 1209 3558 Philoso-

264 3599 341 3711 ‘phi
369 3619 401 3671 et
425 3599 540 3670 Poetae
566 3600 771 3672 exstiterunt.
822 3601 884 3669 Sed
908 3619 947 3669 eo
972 3616 1114 3688 ternpore
1136 3607 1207 3691 ipsc

257 3717 496 3832 'Philosophie
525 3721 624 3790 arctis
657 3717 885 3790 continebatur
903 3721 1052 3804 finibus,
1080 3734 1206 3805 paucos

1151 3849 1207 3900 sur
