2506 4712
203 197 272 288 bn·
288 205 432 278 onrru
451 164 781 284 venetensem
818 280 823 290 ,
868 163 1006 312 Μ,

38 401 200 493 pectavis
216 415 388 482 magnum,
408 394 587 463 tollendum
604 387 749 488 luctum:
767 399 976 488 adtentum,
993 421 1005 502 ἰ

35 517 211 587 itanto
232 513 300 578 viro
328 525 546 593 conceptum,
575 525 606 576 et
632 511 748 578 intimo
773 516 881 582 animo
905 520 981 586 inii·

36 649 102 698 tam
143 628 294 694 dolorem
313 624 482 691 levandum
500 641 566 692 non
584 625 705 702 valent.
749 627 877 711 Ecquis
895 635 995 701 enim·

38 745 225 824 amnium,
249 752 417 822 quotquot
436 755 659 821 pectenatum
679 743 786 812 orbem
804 759 904 827 sunt,
922 747 999 822 ἀοι,

34 879 183 928 erorum
212 857 403 938 hominurn,
425 875 491 924 non
517 871 572 924 ant
595 872 673 924 tunc
698 859 736 926 ad
756 873 861 926 tantae
880 861 982 928 cladis

40 975 448 1058 nunciumpvebementer
479 973 648 1056 perculsus
683 990 762 1058 est,
802 991 858 1043 aut
895 991 985 1044 nunc

37 1111 141 1164 ettam
177 1089 265 1158 tristi
290 1088 352 1156 viri
379 1086 538 1156 desiderio
562 1089 720 1156 tenerare·
754 1091 906 1179 Quodsi
931 1093 988 1160 hid

37 1221 83 1271 est
114 1206 279 1274 omnium
305 1205 397 1268 etiam
425 1204 712 1270 remotissimorum
742 1223 881 1286 sensus,
904 1225 989 1288 quo*

33 1325 158 1408 'modo
184 1315 247 1388 nos
275 1318 408 1384 affectos
434 1337 504 1385 esse
526 1327 585 1403 par
615 1334 685 1403 est,
718 1319 774 1402 qui
806 1337 990 1405 praesentes

33 1428 159 1522 liujus
190 1433 313 1518 ingenii
343 1447 375 1497 et
404 1432 654 1516 magnitudinem
684 1433 828 1499 admirati
852 1453 995 1516 sumus,

34 1534 76 1622 let
94 1550 305 1619 suavitatem
327 1551 539 1633 percepimus.
582 1549 619 1614 ln
635 1547 755 1630 quibus
772 1565 804 1613 et
821 1567 882 1632 ego
897 1568 989 1636 sum,

32 1640 106 1748 iqui
138 1664 394 1731 Valckenarium
422 1681 478 1745 per
504 1662 651 1727 tredecim
679 1681 802 1744 annos,
827 1677 858 1728 et
885 1660 995 1729 fauto-

44 1799 114 1844 rem
133 1825 154 1860 ‚
186 1795 218 1844 et
249 1779 412 1856 amicum,
443 1790 475 1839 et
501 1776 711 1858 magistrum,
732 1776 846 1845 habui.
889 1777 997 1858 Equi.

46 1895 127 1962 dem
163 1893 300 1960 libenter
324 1893 394 1977 ejus
419 1890 527 1957 laudes
552 1891 754 1958 celebrandas
774 1894 995 1978 susciperem,

48 2009 77 2073 si
106 2029 179 2094 pat
198 2008 277 2074 mibi
294 2010 418 2074 adesset
434 2009 595 2073 voluntati
615 2005 766 2073 facultas.
808 2007 917 2094 Quare
931 2009 997 2076 boe

32 2060 42 2152 l

36 2125 92 2191 iis
116 2127 300 2207 relinquo,
317 2124 437 2205 quibus
452 2121 650 2204 diuturnior,
673 2121 894 2206 frequentior,
916 2122 998 2190 inte·

34 2177 200 2364 tristeque
236 2247 297 2312 viri
328 2246 532 2312 consuetudo
564 2245 695 2328 obtigit.
748 2243 899 2310 Ceterum
927 2243 998 2327 ipse

32 2367 169 2487 [vivus
194 2357 451 2443 Valckenarius,
475 2365 539 2452 qul
565 2375 632 2428 erat
652 2378 756 2426 rerum
784 2361 996 2428 humanarum

36 2487 37 2504 ¹
58 2476 325 2560 perspicientii,
347 2489 379 2542 et
404 2475 554 2542 vanitatis
582 2473 815 2558 despicientia,
837 2473 997 2560 ejusmodi

58 2595 274 2660 laudationes
288 2594 446 2677 ridebat,
470 2593 612 2676 probans
636 2589 755 2658 veteris
782 2591 928 2674 Spartani
948 2590 998 2656 di-

33 2700 37 2771 l
61 2723 186 2786 ctum,
206 2707 263 2787 qui
280 2726 297 2773 a
314 2708 468 2790 Sopltista
484 2706 641 2772 invitatus
660 2708 699 2772 ad
715 2707 899 2773 audiendam
918 2705 999 2774 Her·

68 2819 162 2890 tulis
177 2820 392 2889 laudationem
411 2821 601 2903 respondit,
616 2820 701 2906 Quis
717 2843 787 2888 erem
803 2827 999 2909 vituperat?

71 2939 126 3006 lta
146 2937 227 3002 enim
253 2956 289 3003 se
304 2955 353 3003 res
372 2938 489 3018 babet,
513 2954 550 3003 ut
574 2939 715 3004 laudatio
737 2955 841 3020 neque
856 2939 999 3006 exhibita

35 3068 37 3098 ¹
76 3052 252 3136 quidquam
289 3051 508 3120 mediocribus
540 3052 724 3119 hominibus
747 3053 861 3134 addat,
893 3070 1000 3138 neque

32 3172 34 3198 l
78 3189 145 3236 non
163 3167 302 3236 exhibita
321 3170 496 3253 quidquam
517 3169 642 3255 magnis
658 3170 737 3237 viris
752 3171 905 3242 detrabat.
923 3171 999 3238 Ma·

79 3281 129 3366 ior
143 3283 229 3350 omni
247 3285 418 3368 praeconio
436 3301 487 3352 est
503 3285 703 3353 Valckenarii
718 3287 805 3366 laus,
821 3287 905 3353 baud
920 3284 998 3354 alle·

81 3414 125 3466 no
140 3400 288 3468 firmanda
313 3399 441 3485 fulcro,
463 3402 521 3470 sed
542 3401 611 3468 suis
633 3401 702 3486 ipsa
718 3401 793 3466 nixa
810 3399 996 3468 radicibus:

55 3524 58 3534 ·
85 3513 316 3584 immortalibus
340 3517 461 3602 ingenii
491 3517 710 3585 monumentis
734 3515 877 3598 prodita,
908 3515 1002 3582 llore-

31 3715 34 3744 μ
86 3633 331 3714 scetetsecttlis
357 3633 645 3702 innumerabilibus
669 3647 701 3699 et
722 3631 909 3716 regionibus
932 3629 1001 3698 dis·

928 3751 1006 3836 jun·
