2508 4712
269 313 337 378 ooo
448 295 584 370 VITA
614 297 659 368 D.
687 291 1023 374 Ruultxurtu.

273 487 427 578 solldaet
440 488 553 571 brms,
574 489 899 571 unumunurm,
917 491 1015 558 slntl
1035 489 1070 559 1³.
1086 483 1192 562 Immo
1234 517 1235 530 ¹

276 623 382 676 totum
404 621 558 691 quantum
585 603 694 674 refert.
737 607 782 674 R.
812 607 874 673 lam
896 607 1076 691 intelligis,
1100 611 1194 678 omi.

195 766 217 816 χ
275 723 388 804 rlfioe,
402 737 455 788 tua
471 719 616 786 Historia
630 721 725 802 quale
740 721 783 816 sit
801 720 1058 789 instrumentum
1077 739 1109 789 et
1127 724 1195 791 iun·

278 838 478 903 dementum:
495 847 619 916 quanto
635 849 776 901 tuocum
795 835 939 916 periculo
954 853 990 898 ea
1008 839 1194 912 usurussis,

280 971 379 1038 quum
399 951 433 1016 io
448 948 533 1016 vitae
548 947 699 1029 actione,
721 963 882 1030 tamquam
900 948 1132 1030 navigatione,
1149 961 1194 1013 rut
1235 957 1236 960 ’

276 1069 386 1148 nulla,
409 1081 466 1132 aut
490 1065 573 1132 falsa
590 1065 650 1132 tibi
670 1063 782 1150 agendi
797 1065 942 1147 exempla
961 1063 1150 1145 praebebit,
1170 1079 1195 1128 ot

158 1175 161 1190 '
274 1185 310 1253 ln
341 1182 523 1250 studiorum
562 1181 683 1247 rstione
719 1199 817 1246 vanas
845 1179 906 1244 tibi
932 1182 1143 1244 aucton'tates
1165 1195 1196 1242 st

266 1304 441 1388 ‘praecepta
459 1297 632 1383 subjiciet:
655 1311 691 1362 tu
710 1314 834 1363 omnem
851 1293 1026 1362 Historirm
1041 1295 1104 1358 n'bi
1122 1311 1196 1376 pet-

274 1419 402 1504 teplsse
424 1413 601 1484 aldebarisa
624 1411 713 1480 vides
738 1425 894 1496 quantum
924 1409 992 1476 inde
1009 1409 1195 1476 &metum

275 1533 339 1602 sit:
365 1529 411 1598 nil
436 1529 591 1598 audivisti
618 1529 658 1594 de
682 1527 880 1608 Historlois,
903 1525 951 1593 nil
978 1527 1015 1592 de
1029 1525 1135 1592 Poitis
1151 1543 1193 1595 ae

273 1642 509 1726 Philosophia,
531 1642 577 1710 nil
594 1643 633 1708 de
652 1642 817 1710 munerum
835 1645 1130 1726 etmaglstrstuum
1144 1661 1196 1709 ra-

273 1761 386 1842 tione,
408 1775 460 1843 et,
483 1775 522 1828 ut
547 1761 718 1844 suspicor,
741 1761 787 1827 nil
811 1760 850 1826 de
874 1759 946 1825 aliis
974 1760 1087 1828 multis
1100 1761 1195 1828 rebus

273 1897 348 1948 eum
368 1875 550 1956 civilibus,
578 1889 645 1943 tum
672 1875 820 1958 bellicis,
842 1877 948 1958 locis,
973 1879 1195 1964 temporibus,

273 1997 322 2065 nil
338 1997 377 2062 de
398 2011 584 2062 caussarum
604 1995 848 2078 obseruatione,
871 1993 919 2062 nll
936 1996 1070 2077 denique
1084 1997 1125 2062 de
1144 2013 1196 2060 ra-

270 2115 361 2182 tione
378 2131 443 2197 qua
455 2113 563 2179 verum
580 2112 697 2180 afalso
714 2111 931 2179 discernatur:
952 2111 1067 2194 quibus
1086 2113 1196 2180 omni·
1238 2171 1239 2208 ἶ

271 2229 337 2296 bus
354 2229 526 2312 dorsetis,
549 2228 667 2312 ecquid
683 2229 841 2312 reliquum
858 2225 1025 2295 Historiae
1043 2228 1107 2296 tibi
1128 2249 1196 2296 ma·

271 2341 350 2410 neti
387 2342 432 2408 Ῥ.
460 2342 524 2410 lam
553 2343 718 2428 intelligo,
741 2359 774 2412 et
791 2345 935 2430 poenltet
952 2363 1003 2411 me
1025 2365 1143 2428 operae
1162 2346 1193 2412 iu

269 2457 415 2526 Historia
437 2455 573 2542 positae.
619 2460 663 2528 R.
681 2461 775 2527 llono
790 2460 897 2527 auimo
922 2461 1105 2529 sisennus
1129 2461 1191 2548 pri·

269 2593 357 2642 mum
376 2571 509 2658 proficis
528 2573 566 2638 sd
585 2573 772 2657 seientiam,
795 2593 896 2660 quum
916 2574 1098 2660 intelligere
1116 2578 1194 2644 incl·
1239 2605 1240 2614 ¹

265 2691 320 2777 pis
342 2703 498 2772 quantum
526 2687 569 2753 slt
591 2689 679 2770 quod
707 2693 856 2758 nescias:
886 2705 916 2758 et
934 2691 1048 2775 eides,
1074 2695 1192 2774 eredo,

265 2803 351 2886 tibi,
374 2804 431 2888 qui
452 2801 541 2869 brevi
567 2803 601 2870 in
630 2805 800 2872 Academia
829 2807 994 2874 doctrinas
1017 2803 1194 2893 'perceptu-

261 2939 345 3000 sus,
367 2939 403 2985 ao
427 2938 525 3002 porro
542 2917 629 2985 vitae
653 2935 684 2985 et
711 2919 850 3003 privatae
870 2935 901 2986 et
921 2921 1073 3004 publicae
1101 2924 1193 3007 quasi

263 3036 326 3104 iter
342 3049 373 3099 et
387 3031 622 3118 navigationem
642 3031 845 3118 ingressurus
862 3037 932 3118 sis,
955 3037 1015 3103 tibi
1031 3036 1137 3120 igitur
1157 3041 1194 3104 il·

266 3149 324 3216 lud
348 3148 470 3232 puerile
496 3147 657 3215 Historiae
676 3147 915 3216 fundamentum
941 3167 974 3219 et
996 3151 1197 3219 instrumen.

264 3279 335 3336 tum
351 3281 417 3331 non
437 3263 594 3345 sufficere,
615 3265 671 3330 sed
691 3282 775 3348 opus
794 3283 863 3332 esse
881 3265 1020 3335 firmiore
1035 3284 1066 3348 ee
1087 3269 1195 3336 effica-

264 3376 351 3448 tiore
375 3391 407 3444 et
427 3375 519 3458 quasi
544 3377 652 3461 virili,
680 3381 769 3462 quod
790 3383 831 3448 ad
848 3383 1026 3452 uberiorem
1045 3389 1194 3454 omnium

265 3511 370 3560 retum
388 3491 627 3577 cognitionem,
643 3509 827 3561 caussarum
842 3497 1100 3568 observationem
1115 3521 1195 3582 ,ve-

260 3607 292 3672 rl
317 3605 458 3692 falsique
471 3607 654 3694 judicium,
676 3626 744 3677 tum
762 3613 918 3697 denique,
942 3631 982 3681 ut
999 3619 1045 3685 ita
1061 3619 1191 3702 dicam,

260 3719 302 3790 sd
322 3721 500 3791 Historiam
517 3724 698 3810 Historiae,
717 3733 843 3814 valeat,
875 3733 909 3799 id
932 3751 1042 3802 estut
1063 3757 1192 3822 cogno·

260 3849 332 3914 sens
349 3833 407 3932 qui
435 3831 637 3936 Scriptores,
662 3842 778 3926 quibus
795 3845 830 3918 ln
848 3845 971 3938 rebus,
993 3867 1056 3937 qua
1070 3849 1139 3915 lide
1155 3865 1186 3914 st

1126 3975 1192 4032 su·
