2470 4724
24 337 43 352 ”
199 314 778 409 vilan..nul1u1tuuti.
887 329 970 429 ,732
1047 369 1054 382 .

30 533 273 610 expresserunt.
310 520 410 589 Porro
428 518 460 586 in
476 513 676 588 Ruhnkeuio
688 520 883 592 admirabilis
897 515 968 594 etat'

28 641 186 723 quaedam
203 637 243 703 ad
259 634 384 704 omnent¹
412 635 684 718 interpretationis
703 639 856 705 virtutem
874 641 968 708 indo.

24 760 99 842 lcs;
123 777 192 826 nou
212 759 319 824 solunt
344 773 382 820 ut
401 755 505 838 copiis
521 755 561 821 ad
586 743 866 840 confirmandum,
888 761 966 828 sub-

22 875 167 974 tilitatc
181 873 221 939 ad
244 871 476 958 judicandum,
499 869 627 954 ingenio
647 874 687 939 ad
708 873 963 959 inveniendum,

20 989 172 1059 valeret.
194 989 255 1055 sed
285 987 376 1054 etiam
406 1003 444 1053 ut
467 988 640 1055 collectura
669 987 722 1058 itis
751 987 962 1058 facultatibus

19 1115 220 1186 apparatum
255 1111 328 1168 cnm
355 1099 607 1204 perspicuitate,
628 1101 763 1185 ordine,
784 1123 820 1172 ac
835 1106 963 1173 delectu

19 1219 226 1303 explicaret,
252 1232 284 1283 et
300 1197 422 1300 insigni
441 1227 575 1298 prorsus
591 1232 622 1284 et
638 1219 678 1285 ad
695 1235 759 1286 rem
778 1235 961 1290 accommoa

19 1340 99 1406 data
118 1339 275 1406 orationis
293 1331 494 1419 elegantiore
505 1353 672 1406 venustate
689 1355 816 1407 ornaret
832 1355 864 1408 et
881 1361 961 1426 quaa
1015 1325 1021 1336 ’

21 1453 55 1520 si
63 1448 264 1520 laetificaret.
287 1449 419 1540 Quibus
436 1450 469 1516 in
486 1451 619 1518 dotibus
632 1453 771 1536 singulis
788 1469 889 1536 quum
908 1473 962 1522 ex·
1031 1435 1032 1440 ¹

22 1567 145 1634 cellere
168 1583 321 1656 magnum
353 1565 418 1646 sit3
443 1563 555 1646 quiin
583 1563 744 1632 universis
771 1568 961 1648 excelleret,

20 1703 56 1754 et
77 1703 157 1754 curn
173 1683 298 1750 criticis
317 1681 443 1766 ingenii
455 1681 685 1764 doctrinaeque
702 1683 810 1765 copiis
827 1703 863 1750 ac
880 1683 962 1750 divi-

18 1805 89 1872 tiis
114 1798 239 1883 tantia,
268 1807 389 1866 tantam
403 1795 551 1898 ¹Latinae
576 1799 732 1867 orationis
754 1789 959 1884 scientiam,

18 1913 240 1996 facultatem,
261 1915 466 1996 castitatem,
492 1928 524 1979 et
551 1913 689 1980 nativam
713 1915 814 1982 veluti
830 1916 962 2000 gratiam

21 2037 268 2122 conjungeret,
291 2032 466 2099 recentiore
492 2042 614 2110 aetate,
640 2029 728 2118 quod
752 2030 879 2110 quidem
897 2030 962 2096 sci·

21 2173 103 2233 arn,
128 2167 224 2217 nemo
244 2145 380 2215 exstitit.
425 2145 477 2213 Ad
504 2144 715 2212 hereditoria
739 2145 832 2211 dotes
858 2161 960 2226 quum

23 2267 192 2333 accederet
205 2259 366 2330 Platonici
381 2257 561 2344 argumenti
578 2257 741 2341 suavitas,
763 2259 886 2344 prodiit
900 2261 959 2328 'ri-

22 2385 143 2448 rnlteus
160 2379 206 2444 ita
231 2391 364 2444 ornatus
389 2395 425 2444 ac
452 2365 606 2457 dotatus,
630 2388 690 2456 ut,
715 2373 862 2457 quamvis
887 2395 971 2459 para>

26 2513 95 2562 vus
124 2493 315 2574 volumine,
339 2508 444 2559 tamen
470 2492 634 2560 doctrinae
662 2509 736 2558 cunt
760 2491 902 2577 pondere
928 2503 962 2558 et

25 2613 247 2698 praestantia,
269 2625 337 2682 tntu
357 2611 461 2680 nitore
484 2629 522 2678 ac
541 2611 685 2694 lumine,
707 2629 780 2678 vere
794 2605 911 2676 aureus
928 2617 961 2674 et

25 2747 115 2798 esset
131 2745 162 2798 et
177 2731 359 2798 haberetur.
404 2731 454 2796 Ac
472 2726 635 2811 principio
652 2725 799 2807 quidem,
814 2725 849 2791 in
868 2740 961 2807 prae·

26 2847 156 2914 latione
186 2823 402 2913 Ruhnkenius
431 2855 556 2909 ornnem
580 2839 760 2924 argumenti
786 2831 958 2918 caussam,

24 2961 214 3034 Platonicae
238 2959 395 3030 orationis
416 2961 483 3024 vim
503 2955 796 3033 etauctoritatem,
820 2966 959 3018 veterum

26 3079 103 3162 ejus
128 3076 335 3160 interpretum
362 3088 393 3140 et
418 3070 712 3140 Grammaticorum
739 3085 835 3148 ¹nauto
865 3065 964 3133 ratio·

22 3210 172 3275 nemque
186 3193 230 3259 ita
248 3189 428 3276 patefecit,
451 3203 487 3256 nt
503 3167 646 3272 legentes
664 3193 824 3267 tamquam
842 3171 961 3267 pertua

25 3306 143 3376 ciclum
160 3306 276 3372 atrium
293 3300 625 3389 inreligiosissimum
642 3299 798 3384 templum
817 3297 963 3384 introdu-

30 3439 106 3492 cere
129 3421 303 3489 videtetur.
348 3419 493 3502 Deinde,
516 3417 645 3504 inipso
662 3417 747 3485 libro
773 3429 855 3500 quot
883 3429 961 3484 sunt

20 3539 347 3621 animadversiones,
379 3551 430 3604 tot
456 3549 533 3603 eunt
554 3535 795 3619 disputationes
817 3532 887 3601 suis
902 3549 964 3600 nn·
1054 3511 1057 3516 ⁵

31 3653 134 3722 tueris
150 3654 338 3734 absolutae,
360 3651 485 3719 ratione
502 3669 539 3718 ac
555 3649 608 3716 via
623 3648 796 3715 ab-idnneo
810 3645 906 3713 initio
922 3646 964 3714 ad

33 3771 187 3837 idoneum
206 3769 327 3838 exitum
355 3756 521 3836 dedt'tctae.
566 3765 651 3834 Nam
677 3767 814 3850 primunt
830 3768 965 3850 ¹glossae

35 3885 200 3974 cuiusque
225 3884 386 3973 scriptura
409 3883 622 3952 constituitur
646 3897 808 3949 consensu
824 3879 963 3944 aliorum

849 3993 967 4060 Gram-
