2562 4708
285 291 353 376 aa
443 271 699 362 inmutato
720 282 879 356 amun
901 275 1066 362 nomon

289 469 382 548 titur·
432 473 491 542 Me
522 473 651 556 quidem
675 473 742 540 duo
766 491 892 558 semper
917 477 1067 562 scrupuli
1096 477 1216 550 soiiicie

282 607 382 662 tanta
406 607 544 674 quotum
568 592 648 656 alter
669 588 709 656 ad
728 587 950 672 Scriptorem,
979 593 1020 658 de
1044 610 1112 676 quo
1127 594 1209 680 judi·

280 723 403 790 eatur,
432 709 510 774 aiter
537 707 578 772 ad
606 704 773 772 censurae
797 703 1211 802 diffieutratem,„refertur.

278 823 437 907 Uterque
451 817 637 906 cujusmodi
659 817 726 900 sit,
748 817 1026 889 Praestantissime
1047 819 1212 909 Fonteini,

288 959 405 1026 operae
425 941 562 1022 pretium
584 949 633 1004 est
652 953 861 1019 cognoscere.

230 1057 237 1068 ‘
332 1057 378 1122 Et
402 1053 541 1138 primum
578 1054 617 1123 de
643 1052 809 1122 Censurae
835 1051 1040 1136 difficultate,
1073 1055 1215 1142 quidque

277 1172 355 1243 .hoc
375 1171 583 1250 sitcensrre,
607 1186 769 1252 quamque
793 1169 858 1236 vim
880 1171 1014 1255 habeat,
1038 1175 1211 1244 videamus.

279 1289 477 1369 Nimirum,
500 1305 618 1356 nomen
639 1285 772 1354 duutuut
792 1283 846 1354 'est
869 1287 909 1355 ab
929 1308 1017 1356 more
1042 1289 1213 1378 Romano,

292 1420 360 1485 quo
392 1401 519 1468 Censor
551 1398 661 1496 cives,
693 1399 764 1468 suis
793 1418 953 1484 quemque
980 1400 1215 1493 facultatibus,

159 1601 163 1606 ,
291 1519 364 1588 suis
382 1518 462 1600 bene
481 1534 619 1584 secum
634 1514 755 1599 iactis,
776 1513 810 1582 in
834 1532 952 1586 certam
974 1520 1109 1588 classem
1131 1524 1217 1594 redi-

290 1635 399 1722 gebat.
442 1633 533 1716 Ergo
560 1631 678 1698 librum
704 1651 833 1700 censere
857 1648 927 1718 eat,
961 1653 1032 1702 eum
1059 1637 1213 1707 laudibus

289 1753 446 1838 vitiisque
471 1750 541 1818 suis
559 1749 749 1831 aestimare,
774 1763 806 1814 et
834 1769 895 1817 auo
927 1751 1215 1839 10c0,trmqurm

288 1873 410 1952 classe,
440 1856 571 1954 ponere.
626 1866 703 1934 Hoc
726 1868 790 1951 iam
812 1867 884 1950 ipsa
909 1867 1135 1955 professione,
1158 1894 1215 1942 ne·

236 2033 240 2036 -
285 1989 357 2064 scio
380 2003 476 2072 quam
498 1985 593 2051 habet
614 1983 846 2070 arrogantiam:
871 1999 902 2050 te
926 2004 1027 2054 unum
1054 2009 1073 2056 e
1098 1994 1212 2062 multis

286 2124 415 2191 surgere
437 2121 503 2170 nou
534 2101 698 2170 modoad
720 2100 912 2183 dicendum,
937 2104 995 2170 sed
1017 2105 1057 2174 ad
1080 2126 1214 2180 censen·

249 2271 252 2279 ,
288 2229 377 2293 dunt.
418 2220 509 2288 Cedo
526 2235 602 2288 vero
620 2216 713 2284 etiam
733 2235 821 2298 ren,
845 2235 941 2300 quam
956 2225 1109 2291 censeas?
1141 2225 1218 2296 Sui.

274 2339 362 2404 iicet
378 2335 455 2404 haec
472 2332 631 2420 eiusmodi
646 2346 716 2416 est,
740 2351 822 2414 quae
839 2351 881 2400 na
894 2335 985 2402 cadat
1002 2337 1130 2419 quidem
1149 2344 1217 2408 sub
1262 2381 1267 2403 r

284 2475 354 2524 eam
377 2455 580 2535 censuram,
611 2469 708 2536 quam
744 2453 919 2533 volumus,
948 2471 1109 2536 quamque
1138 2456 1218 2540 ipsa

286 2569 430 2640 nominis
447 2569 498 2636 vis
518 2585 554 2632 ar
572 2565 655 2634 ratio
671 2567 831 2649 postulat,
876 2565 992 2650 Neque
1016 2567 1100 2636 enim
1119 2573 1216 2658 inge-

273 2684 433 2765 niorum,
456 2680 568 2766 prouti
581 2699 776 2763 corporum,
793 2697 910 2750 certam
928 2701 1094 2753 mensurae
1107 2686 1219 2774 signi·

283 2799 467 2870 ficationem
486 2797 582 2866 nobis
603 2794 690 2864 dedit
717 2795 865 2878 Naturae
888 2817 946 2866 nee
971 2801 1149 2870 doctrinam
1174 2806 1220 2874 ii·

282 2932 335 2987 eet
356 2917 520 2984 aestimate
535 2929 592 2984 aut
605 2913 688 2980 libra
704 2927 740 2979 ut
756 2913 942 2999 gravitatem
960 2918 1132 2999 ponderis,
1155 2935 1218 2990 aut

283 3037 512 3104 thermometro
531 3046 566 3098 ut
583 3033 715 3117 gradum
727 3031 855 3098 caloris.
885 3027 985 3127 Nunc¹
1005 3035 1105 3098 muita
1121 3055 1216 3120 opus

282 3164 337 3216 est
354 3147 428 3214 libri
445 3146 691 3228 descriptione,
712 3146 854 3230 eiusdem
882 3163 955 3212 curn
976 3145 1139 3212 similibus
1167 3150 1216 3216 li-

284 3265 354 3334 bris
377 3263 633 3350 comparatione,
654 3261 817 3346 frequenti
841 3263 1052 3346 speciminunt
1068 3281 1220 3334 comme·

284 3383 483 3462 motatione,
513 3380 611 3448 modo
638 3380 855 3462 probatione,
878 3381 976 3446 nodo
1003 3378 1216 3464 laudatione,

272 3499 382 3569 ,modo
398 3495 662 3582 reprehensione,
684 3495 773 3562 omni
796 3495 976 3578 explicandi
992 3498 1045 3564 via
1061 3510 1094 3562 et
1111 3497 1222 3566 ratio.

239 3629 245 3638 ’
283 3633 347 3698 ne,
379 3613 467 3682 omni
500 3611 616 3680 mentis
649 3611 684 3678 in
710 3629 821 3678 omnes
850 3625 958 3694 partes
979 3609 1155 3698 agitatione
1178 3631 1220 3684 st

283 3730 518 3814 conversiones
542 3744 580 3795 ur
602 3727 653 3795 uei
671 3727 872 3810 aliquatenus
889 3725 964 3794 libri
982 3729 1118 3812 pretium
1135 3731 1217 3796 lau-

283 3849 401 3932 disque
422 3847 554 3932 gradun
582 3845 740 3932 intelligat
768 3847 899 3934 legens,
931 3867 969 3918 ac
990 3868 1137 3936 saeptae
1160 3851 1223 3926 im·

1153 3965 1226 4040 teir
