2470 4724
234 281 370 356 vina
398 280 445 352 n.
472 279 812 356 tumuuauir.
928 287 996 404 ⁵⁸!

66 467 239 552 miliums
231 482 276 536 ita
297 469 403 535 eadem
429 485 525 536 manu
551 467 763 536 describendo
787 469 993 554 continuati,

65 602 101 658 ut
121 584 213 652 nullo
236 582 373 652 notabili
389 583 560 656 intervallo
579 584 835 668 distinguantur
879 586 991 670 Ergo,

64 701 160 767 titulo
188 715 257 766 non
277 695 425 778 credere,
456 697 512 763 sed
537 698 598 764 alia
627 699 723 764 etiam
747 715 917 780 quaerere,
946 713 996 766 eat

64 812 239 882 hominis
230 831 265 879 tn
298 811 467 880 codicibus
494 811 629 894 scriptis
655 813 831 878 tractandis
855 813 989 879 versati:

62 929 206 998 invenire
221 943 325 996 autem
341 946 400 1012 ea,
422 943 473 996 est
491 928 623 1016 majoris
641 926 783 1012 ingenii,
807 941 839 993 et
864 929 995 996 assidua

60 1052 244 1132 Auctorum
279 1035 417 1118 lectione
441 1049 482 1116 ad
514 1067 627 1116 εοιιιιιι
659 1048 842 1140 varietatem
873 1043 995 1114 oratio·

60 1183 199 1248 nemque
223 1165 391 1244 ,continuo
433 1166 629 1234 sentiendam
666 1166 902 1248 necandamque
935 1166 995 1232 diu

59 1280 263 1364 multumque
288 1280 468 1348 exercitati.
518 1278 619 1348 ⁴Hanc
649 1279 834 1348 facultatem
862 1277 991 1348 tenebat

57 1393 287 1472 lutulentus.
350 1395 414 1462 Sed
446 1394 504 1479 qui
535 1393 603 1462 eam
631 1407 751 1462 teneret
776 1393 993 1466 bibliothecae

55 1511 264 1594 praefectus,
295 1513 407 1594 ecquis
428 1527 581 1593 umquam
604 1509 689 1590 fuit,
718 1522 853 1591 excepto
879 1505 993 1576 lsaaco
1074 1529 1076 1532 ·

54 1626 256 1694 Casaubono
273 1627 393 1711 (26),
414 1623 508 1692 Luca
530 1622 704 1718 Holstenio
721 1624 840 1708 (ιγ),
863 1637 894 1686 et
913 1622 988 1704 ipso

55 1755 175 1824 postea
217 1738 517 1825 Lugdunobatauae
554 1735 719 1824 praefecto
758 1735 988 1806 Ruhnkenioi

54 1856 120 1922 Sed
146 1856 287 1937 horum,
316 1857 404 1938 quod
430 1855 555 1937 sciam,
575 1873 670 1922 nemo
694 1854 786 1940 ejus,
810 1855 866 1920 cui
892 1871 985 1938 prae·

53 1985 143 2052 erat,
167 1971 383 2044 bibliothecae
399 1969 594 2056 Catalogum
610 1969 723 2039 edidit.
766 1969 985 2040 casaubonus

52 2088 92 2154 ad
122 2087 224 2154 breve
252 2063 381 2171 tempus
413 2087 555 2171 praefuit
589 2087 693 2176 regiae
724 2086 918 2156 Pariaiensi:
952 2102 985 2154 et

52 2199 252 2282 aediculam,
276 2200 310 2280 in
328 2219 392 2284 qua
410 2203 439 2268 is
455 2201 576 2270 Literia
596 2202 720 2286 operari
735 2203 884 2286 solebat,
906 2204 985 2272 sub·

50 2317 122 2386 inde
143 2317 346 2386 Ruhnkenio
370 2332 593 2390 monstrarunt
615 2317 809 2389 Pariaiensea
826 2319 979 2404 quidam,

51 2421 121 2517 titii⁴
134 2438 236 2520 pauci
262 2449 404 2508 veterem,
424 2417 624 2507 venustatem
656 2435 847 2518 retinerent,
874 2455 980 2523 eoque

48 2553 241 2620 ventitarent
266 2550 361 2633 quasi
379 2551 550 2618 salutatum
573 2567 680 2620 manea
708 2552 819 2622 herois
834 2554 874 2620 de
889 2553 978 2640 opti·

44 2679 96 2734 nro
116 2667 292 2740 boninum
315 2683 429 2750 genere
450 2668 573 2752 optime
592 2667 709 2760 metiti,
729 2761 740 2786 ο

907 2785 978 2856 An·

73 2963 160 3058 (26)
183 2963 337 3043 Siquidem
363 2965 397 3028 ad
417 2969 504 3028 breve
522 2979 632 3042 tempus
653 2965 708 3024 fuit
727 2965 774 3026 vel
797 2965 980 3044 praefectus,

37 3073 81 3130 uel
104 3089 235 3144 custos,
254 3069 447 3134 bibliothecae
474 3072 576 3145 regiae.
613 3069 680 3132 vid.
704 3069 775 3146 Ejus
796 3071 890 3148 Epist.
911 3075 979 3148 256.

36 3175 69 3234 ad
86 3177 148 3256 loa.
168 3179 224 3238 Sca
233 3175 362 3250 ligerum

74 3277 163 3359 (ιγ)
182 3281 259 3342 vid.
277 3281 314 3340 B.
333 3282 372 3342 G.
389 3282 493 3347 struuil
512 3279 718 3342 Introductio
708 3297 738 3340 ιιι
757 3281 897 3343 Notitiam
919 3279 978 3351 Rei

39 3381 193 3446 Literatiae
223 3401 258 3460 p.
274 3387 342 3456 a8a.
360 3385 512 3448 Mediceae
525 3386 639 3463 quidem
654 3386 844 3448 bibliothecae
860 3387 977 3452 codices

39 3486 67 3548 in
84 3491 253 3568 catalogum
276 3491 404 3568 redegit,
424 3507 508 3568 quem
532 3507 569 3556 ex
590 3490 675 3555 listis
698 3491 858 3562 holstenii,
881 3493 977 3565 medio

37 3591 96 3654 sera
109 3596 170 3656 hoc
188 3597 329 3670 saecdo,
349 3596 437 3658 edidit
460 3595 673 3660 Liiientltaliust
699 3611 731 3656 ut
755 3599 876 3660 Colerus
898 3613 977 3659 nota-

37 3697 76 3756 vit
95 3699 131 3760 ad
152 3701 266 3763 struvii
283 3702 384 3768 librum
402 3719 520 3792 p0291·
547 3699 678 3762 editionis
705 3701 732 3784 J,
757 3701 827 3774 Chr,
850 3699 977 3772 Fischetl

37 3797 116 3890 Litas,
136 3818 229 3892 ¹754·
