2562 4708
247 267 443 380 smper.
466 299 619 380 name.
643 299 833 380 esron·
942 321 1013 403 s„

86 493 249 578 secedent,
268 493 315 562 ira
334 493 437 582 hujus
464 493 603 564 lectione
623 494 790 564 mrdnti
814 496 855 566 ad
879 500 1011 572 nullum

89 633 150 684 non
170 611 240 680 sire
260 609 459 694 scriptorem
487 609 555 676 siue
569 608 701 678 Poetam
719 610 842 699 insigni
863 632 936 684 cum
954 615 1008 686 in·

87 728 274 814 teiligentlae
293 743 353 811 spe
374 743 408 794 et
429 724 541 794 fructu
561 729 820 812 progredientur.
872 811 879 828 ι

125 839 258 912 Tertius
282 857 355 926 est,
385 844 526 930 ejusdem
551 846 677 930 palmae
708 847 843 932 soclus,
873 870 1010 923 xsuo·

86 979 206 1030 uuou.
252 959 318 1026 ilic
338 959 513 1028 orationem
533 978 572 1028 ex
591 960 647 1030 illa
665 959 872 1048 Thucydidis
889 968 1014 1037 adstri·.

85 1081 132 1146 cti
146 1078 304 1164 gravitate
317 1079 359 1144 ad
375 1077 591 1146 llerodoteam
608 1077 770 1163 formam,
790 1095 876 1150 certe
897 1083 937 1152 sd
953 1081 1005 1154 fa·
1092 1167 1095 1174 y

84 1197 258 1282 cilitrtem,
282 1197 498 1279 suavitatem,
522 1198 808 1284 perspicuitatem,
826 1177 1005 1273 renisitac

81 1315 240 1384 relaxavit.
287 1311 394 1380 simili
417 1329 498 1382 usus
514 1313 748 1384 adolescentiae
768 1315 999 1404 institutione,

81 1446 108 1498 et
139 1429 342 1516 eloquentiae
371 1441 402 1494 et
429 1429 656 1514 philosophiae
687 1433 860 1518 magistros
886 1434 1010 1504 hahuit·

78 1549 293 1620 clarlsslnosa
323 1545 524 1629 eloquentiae
551 1545 747 1631 Prodicum,
773 1547 1004 1633 philosophiae

81 1667 262 1740 Socratcma
278 1668 377 1754 cujus
388 1667 585 1752 elegantem,
604 1668 812 1751 popularem,
831 1668 871 1735 sd
887 1685 1004 1741 omnes

79 1788 156 1856 uitae
170 1799 282 1872 partes
302 1783 540 1852 saluberrimam
561 1785 742 1867 rationem,
763 1803 839 1852 curn
858 1787 1004 1871 peculia.

77 1903 161 1973 ribus
176 1900 390 1988 consignavit
406 1877 562 1986 scriptis,
584 1902 761 1985 dequibus
780 1903 834 1970 hic
856 1920 925 1971 non
948 1918 1002 1973 cst

79 2023 159 2104 quod
182 2022 352 2100 dicamus,
382 2032 450 2084 tum
477 2001 608 2086 veroin
634 2009 812 2105 majoribus
838 2023 1001 2104 expressit

79 2137 239 2208 historicis
267 2135 435 2221 operibus.
479 2133 566 2204 Haec
583 2135 737 2204 triasuut
754 2155 900 2206 numero.
939 2137 1005 2226 Cy·

82 2255 257 2342 ropaedla,
278 2257 317 2323 de
333 2233 540 2322 institutione
553 2252 633 2339 Cyri
649 2253 804 2338 Maiorisr
820 2235 1001 2336 quemnou

77 2375 114 2438 ad
129 2359 424 2453 Historiae-iidem,
447 2372 504 2438 sed
526 2369 560 2438 in
580 2370 659 2438 honi
681 2371 766 2454 regis
789 2371 997 2455 exemplum,

77 2487 244 2558 Socraticis
262 2485 449 2557 informarit
464 2483 655 2570 praeceptis.
688 2485 872 2568 Anabucis,
895 2488 999 2553 veris·
1143 2475 1146 2482 ’

78 2606 152 2676 simo
178 2606 346 2675 Historiae
370 2604 502 2672 nomine
530 2601 736 2688 appellanda
769 2601 893 2686 quippe
916 2619 1001 2684 quae

78 2726 213 2792 continet
250 2713 340 2808 Cyri
363 2720 506 2789 Minoris
537 2717 806 2802 Expeditionem,
836 2715 892 2784 cul
927 2719 1011 2801 lpse

80 2835 258 2924 Xenophon
291 2836 430 2921 primum
461 2833 572 2902 socius
595 2829 764 2914 interfuit,
792 2831 906 2900 deinde
929 2833 998 2900 dux

79 2953 228 3036 praefuit,
261 2967 294 3019 et
311 2951 506 3020 Socraticam
534 2947 736 3032 disciplinam
758 2950 799 3016 ad
822 2967 918 3016 usum
942 2969 999 3014 ac·

78 3067 255 3154 tionemque
275 3081 485 3150 convertens,
508 3069 657 3134 sociosa
674 3081 838 3147 praesente
860 3064 994 3132 interitu

77 3181 238 3268 liberavit,
261 3187 368 3270 iisque
383 3205 445 3271 per
464 3185 566 3252 media
590 3182 735 3250 hostium
755 3181 840 3263 tela,
862 3197 922 3265 per
944 3180 999 3246 lo·

76 3315 179 3366 corun
191 3300 424 3384 regionumque
436 3293 671 3380 claustra‚·pes
684 3293 828 3362 infinitas
842 3293 996 3364 itinerum

77 3409 297 3497 difficultates,
321 3410 456 3480 reditum
482 3408 515 3477 in
540 3409 676 3494 patriam
700 3407 874 3490 expedivit.
909 3403 1011 3470 -iioe-

77 3547 172 3612 opere
184 3532 229 3598 nil
248 3530 380 3599 uberius
399 3543 449 3596 est
466 3525 622 3611 exemplis
637 3507 711 3592 cum
730 3523 842 3608 agendi
859 3538 932 3589 tum
947 3521 1001 3589 di·

76 3645 186 3728 cendi,
208 3647 246 3714 ad
260 3665 372 3718 omnes
388 3647 475 3714 ritae
493 3643 526 3712 'ct
539 3641 687 3710 militaris
705 3653 737 3706 et
753 3638 862 3721 civilis
877 3641 996 3721 locus,

77 3761 297 3846 conditiones,
320 3767 494 3845 «tempora,
526 3755 789 3826 accommodatis.
843 3751 1002 3835 Cumque

73 3873 253 3964 Xenophon
273 3877 415 3966 propriis
430 3877 496 3950 illis
510 3891 543 3945 et
556 3877 625 3944 suis
643 3873 799 3954 dotibus,
813 3883 1001 3960 praecepto·

924 3998 998 4052 rure
