2418 4718
150 293 419 372 rtornrcnr
438 293 697 370 uonurun
721 297 846 375 voro.
897 325 979 394 411,
1022 363 1024 374 .

32 499 76 554 ee
99 487 266 558 laborem:
297 486 470 558 Scribonii
493 500 603 558 reete:
632 507 710 556 nant
735 501 774 556 at
802 492 959 580 oeuitunt,

34 604 84 671 nil
96 622 220 672 moror·

70 719 135 788 sed
157 731 277 804 opem
298 713 434 802 pretium
451 734 501 788 est
518 731 717 806 cognoscere
735 735 894 805 quantum
917 723 955 791 'ri-
1030 729 1034 736 '

31 835 82 902 iud
105 834 153 904 sit
175 835 269 918 quud
293 853 481 904 ueratro
505 835 678 918 debeatur,
706 839 863 922 quodque
889 841 960 922 ejus

28 952 203 1034 proprium
231 951 298 1033 eit,
327 967 368 1019 ne
400 949 484 1020 forte
512 969 568 1020 aut
594 972 707 1037 parum
737 971 793 1024 rut
818 957 960 1030 nimian

24 1081 214 1136 censeatur.
251 1132 255 1140 .

67 1181 124 1247 Ac
142 1180 279 1264 primun
301 1180 455 1266 quiden,
476 1183 664 1269 conplures
681 1183 782 1254 libros
800 1200 866 1256 nou
881 1188 959 1257 etti·

23 1299 105 1382 git,
129 1297 315 1384 paginarum
332 1301 438 1370 totius
457 1304 565 1385 operis
583 1301 648 1369 fere
671 1305 896 1386 quadrantem:
920 1307 957 1376 bl

20 1429 104 1482 sunt
128 1411 182 1480 De
209 1413 440 1498 Educatione,
464 1420 746 1506 Apopheiegnata
770 1419 896 1506 Regum
927 1433 959 1488 et

20 1532 181 1613 Ducunt,
205 1530 489 1619 Apopitthegnata
504 1532 694 1614 Laeooeica,
713 1532 873 1601 Instituta
887 1537 958 1604 La·

23 1655 159 1734 conica,
183 1647 418 1716 Lacaenarunt
449 1651 958 1738 Apopitiegonata,ii1ulierunt

22 1769 196 1850 Virtutes,
206 1766 420 1853 Quaestiones
431 1766 619 1850 Romanae,
627 1764 841 1851 Quaestione
851 1767 958 1834 Grae·

21 1907 98 1970 eae,
122 1885 302 1952 Paraiiela
330 1885 463 1954 Graeca
481 1897 512 1950 et
528 1881 704 1953 Romana:
726 1895 795 1950 tum
819 1901 896 1952 vero
920 1883 957 1952 hi
1097 1945 1102 1954 .

25 2021 59 2072 tx
74 2003 231 2070 interiore
255 2001 429 2082 doctrina,
450 1997 503 2066 De
519 1999 627 2080 Fato,
650 1997 863 2084 ⁴Quaestiones
882 2001 957 2068 Na·

21 2121 174 2200 turaias,
198 2117 253 2182 De
272 2114 385 2185 Vultu
411 2117 546 2186 inertie
572 2117 712 2198 Lunae,
740 2112 955 2200 ,Quaestionet

20 2233 240 2312 Platonicae,
259 2229 312 2296 De
328 2229 444 2296 Animi
456 2233 668 2317 generatione
681 2251 722 2298 ea
730 2229 859 2299 Timaeo
876 2233 956 2300 Pla·

20 2353 133 2432 totns,
168 2345 221 2412 De
245 2346 468 2416 commonibus
494 2351 634 2417 Natieie’s
656 2347 810 2420 aduersas
833 2351 953 2420 Stoicos

24 2466 165 2550 partim
193 2463 247 2530 De
268 2465 412 2548 Musica.

64 2579 193 2650 Deinde
218 2597 353 2661 urunt,
383 2595 464 2662 quae
498 2593 596 2664 sunt,
625 2581 952 2652 Animadversionem

26 2713 106 2764 certe
121 2694 272 2766 semissis
288 2697 445 2782 ejusmodi
463 2713 533 2780 est,
558 2713 597 2766 ut
612 2718 680 2768 nou
697 2700 737 2767 ad
758 2700 954 2768 emendatio·

28 2827 95 2876 nem
118 2809 318 2894 assuantur,
341 2811 398 2877 sed
420 2810 651 2879 contineantur
668 2813 794 2880 notulis
819 2811 954 2880 histori-

30 2932 99 3013 eia,
127 2931 377 3018 geographicis,
401 2930 573 3014 literariia,
596 2933 635 2997 de
660 2930 872 3012 hominibus,
903 2931 955 2998 io·

31 3045 97 3130 tis,
114 3046 363 3132 scriptoribuse
388 3061 473 3132 quae
491 3050 642 3132 notulae,
666 3063 703 3116 ut
726 3067 764 3116 ex
781 3049 953 3134 pervulga·

30 3161 72 3226 tia
89 3163 178 3230 libris
193 3165 338 3248 petitae,
360 3167 457 3232 utiies
476 3165 604 3248 quidem
630 3163 795 3247 indoctis,
819 3183 887 3234 non
906 3161 955 3230 ia·

32 3277 90 3344 tile
109 3297 129 3346 e
151 3279 259 3348 doctis
291 3283 517 3364 requirantur:
540 3281 677 3349 subinde
697 3298 832 3364 quoque
849 3261 954 3346 corre·
1076 3259 1079 3273 ¹

32 3393 175 3479 stiones,
195 3413 291 3464 antea
318 3393 424 3462 obiter
448 3393 550 3464 factor
573 3397 613 3464 ab
631 3393 823 3462 homiuibus
847 3389 953 3457 erud-

34 3503 91 3590 tis,
113 3530 151 3580 ex
171 3529 283 3580 eorum
304 3507 396 3576 libris
410 3507 628 3579 adientnture'
639 3509 777 3576 subinde
793 3507 866 3576 item
884 3506 952 3576 loci

34 3621 171 3698 Veterum
198 3647 219 3696 a
246 3627 424 3694 Plutarcho
450 3629 503 3694 vei
527 3627 692 3694 memorati
711 3627 764 3695 vel
779 3623 954 3712 significati

25 3745 62 3808 ed
76 3761 150 3815 suos
169 3751 344 3816 Arrctores
369 3739 566 3812 referunturt
597 3741 654 3809 sed
674 3741 708 3808 iri
733 3739 799 3808 iere
818 3750 896 3807 sunt
918 3751 952 3805 et

22 3859 80 3932 ioci
103 3863 259 3948 illustres
290 3873 388 3942 etque
413 3855 607 3942 conspicui,
635 3871 670 3924 et
695 3857 854 3926 ductores
876 3870 958 3924 eunt

486 3973 550 4044 Dd
864 3965 957 4054 prin-
