2572 4710
205 378 209 385 .
256 248 1080 411 annorumuauauos1uaooua.

265 523 367 596 quom
385 525 489 578 rerum
507 521 638 575 saumas
659 507 829 592 exquirat,
850 519 919 580 auu
936 523 1049 595 potest
1065 505 1201 596 placem

267 626 332 708 iis,
353 625 411 707 qui
427 621 612 710 opinionem
631 623 734 708 magia
750 637 844 706 qoam
863 627 1026 694 veritatem
1044 645 1194 712 sequani·

262 752 343 822 tur,
365 740 423 824 qui
441 737 509 822 ipsi
530 738 594 806 sibi
621 727 768 823 placent,
797 740 1073 827 ignorantiamque
1092 765 1189 815 suam

221 839 226 850 ’
266 855 465 945 amogantiae
481 855 575 938 quasi
591 857 665 922 velo
682 857 861 942 obtegunt,
883 862 1006 942 quique
1023 881 1101 930 suos
1119 865 1189 932 sibi

262 991 386 1040 errores
406 971 486 1054 eripi
503 986 594 1056 aegre
616 969 744 1054 ferunt,
763 989 804 1039 ne
826 991 938 1057 parum
966 976 1116 1058 sapuisse
1136 977 1191 1047 vi·

265 1089 413 1157 dematur.
464 1086 538 1154 lior
563 1086 708 1154 adiutis
731 1089 876 1156 studium
901 1089 1027 1160 Socrati
1051 1091 1190 1158 exitium

261 1203 394 1272 attulita
415 1203 482 1270 ‘hoc
500 1202 529 1268 oi
547 1203 708 1270 contraxit
734 1203 806 1270 odia
833 1206 1071 1288 sophistarum,
1103 1208 1189 1276 alioa·

261 1331 420 1403 rumque,
441 1317 692 1400 quibus-inutile
711 1333 775 1386 erat
788 1320 933 1403 reliquos
948 1321 1034 1390 cives
1048 1323 1188 1392 nimium

264 1439 395 1520 saperes
419 1433 496 1516 qui,
518 1453 593 1500 cum
615 1431 796 1500 radonious
818 1435 937 1502 efficere
959 1436 1006 1502 ull
1026 1449 1186 1520 possent,

261 1565 336 1618 oram
353 1549 388 1616 in
410 1545 516 1632 plebis
532 1545 685 1614 invidiam
704 1563 884 1629 vocarunt,
906 1563 960 1628 er,
984 1550 1073 1630 quod
1097 1552 1190 1634 apud

261 1663 521 1751 eampinrimum
544 1665 651 1745 valet,
673 1662 844 1730 innodatae
869 1663 1034 1748 religionis
1050 1665 1190 1734 elimino

261 1803 337 1853 aum
361 1781 611 1849 amessirerunt.
640 1779 725 1864 ,Est
759 1781 821 1848 hoe
847 1779 1008 1864 hodieque
1021 1781 1189 1850 ‚Philoso-

261 1897 358 1984 phiat
374 1894 501 1975 hrum,
530 1906 567 1959 ut
589 1911 669 1960 suos
694 1893 806 1960 habeat
831 1893 1002 1976 inimicos,
1025 1913 1104 1964 suos
1130 1917 1191 1965 so·

186 2005 190 2018 ’
262 2015 411 2101 phiatas,
434 2027 473 2080 ut
491 2010 645 2095 eiparata
665 2008 732 2078 siut
749 2009 914 2094 imperitae
935 2011 1041 2096 plebis
1065 2013 1138 2082 odia
1154 2027 1191 2083 et
1275 2101 1276 2106 Ἰ

257 2135 517 2216 ‘admirationes
584 2129 626 2188 -·’
725 2159 728 2166 ·
782 2147 783 2150 ’

268 2283 278 2300 ·
307 2251 480 2320 Videamus
496 2251 587 2320 aliam
605 2252 703 2339 huius
718 2247 909 2319 calamitatis
926 2269 1086 2320 caussam.
1119 2251 1191 2320 Ec-

262 2350 320 2438 aei
353 2369 388 2436 ln
418 2369 526 2435 vicina
547 2364 655 2464 (dalila
686 2365 961 2452 Philosophorum
997 2371 1126 2437 nomine
1154 2385 1188 2436 et

259 2478 381 2583 ”arsiae
395 2479 535 2568 jactant,
556 2495 589 2546 at
606 2483 648 2548 ab
672 2481 744 2548 aliis
770 2469 1010 2568 insigniuntur,
1032 2482 1103 2567 illl,
1128 2471 1194 2574 qui

263 2588 448 2684 religionem
464 2613 497 2664 et
517 2599 667 2664 virtutum
694 2597 840 2680 tollunt,
863 2598 987 2682 quique
1007 2599 1188 2668 certissima

262 2714 530 2797 aurosumque
547 2713 702 2780 bonarum
719 2689 962 2798 disciplinarum
977 2713 1203 2782 fundamenta

264 2819 455 2905 iihefactare
475 2847 645 2907 conantur.
698 2832 798 2917 Noa,
830 2847 869 2902 ut
888 2848 1005 2904 somus
1027 2837 1187 2919 proclives

262 2955 304 3024 a‘rl
325 2939 482 3034 aliorum,
512 2953 695 3035 praesertim
729 2951 923 3050 Gallorum,
959 2933 1037 3021 iiiia
1060 2951 1189 3021 imitan-

264 3073 327 3154 da,
349 3069 501 3156 paulatim
528 3065 724 3136 ineundam
751 3087 886 3136 errorem
905 3069 1027 3136 inducti
1048 3085 1186 3157 sumus;

262 3191 369 3270 neque
401 3183 702 3265 animadvertimus,
731 3203 805 3250 rum
838 3165 1209 3266 loq'ueuhitatrrerirare1

266 3301 491 3388 gavisaiarum
510 3283 610 3368 falsae
629 3301 883 3369 ratiocinationis
908 3301 1023 3367 vitium
1049 3295 1207 3383 eonion·¹

266 3423 460 3487 crumenae.
502 3419 614 3499 itaque
632 3399 801 3497 ¹videmus,
824 3417 979 3498 quosdam
998 3396 1050 3482 v'el
1065 3415 1106 3481 ad
1128 3417 1206 3484 no'a'²

267 3557 340 3606 men
381 3535 611 3620 Philosophiae
649 3531 900 3618 exhorrescere,
935 3553 1041 3618 neque
1080 3535 1186 3604 levius

269 3655 428 3738 quoddam
452 3653 656 3717 malum'earn
682 3669 751 3717 esse
768 3649 935 3733 arbitrari,
960 3669 1055 3734 quam
1073 3651 1206 3735 dispu-¹

269 3771 413 3842 miricam
431 3765 643 3852 periculosam
664 3781 696 3836 et
713 3769 885 3852 audacem,
908 3787 990 3854 quae
1016 3785 1118 3838 rerum
1140 3769 1208 3834 rii-²

284 3890 290 3916 ‘
666 3874 671 3893 '
1141 3879 1189 3947 vi·
