2572 4710
259 279 590 360 annosorum
611 279 829 365 nooman.
933 297 1011 383 “aas

87 475 326 562 nandqnaqnam
356 493 375 543 a
409 470 563 544 Veterum
595 477 749 546 instituto
775 479 1004 554 abhorrentem

87 610 326 682 caperonem,
342 591 372 660 si
389 591 614 680 compendium
628 591 828 666 Dialecticae
840 599 912 684 ipse
926 619 1009 672 ean·

88 717 267 788 scriberem.

123 827 168 898 Et
190 825 348 895 materiam
374 825 504 910 quidem
531 822 567 898 in
594 843 736 914 quatuor
759 833 918 920 descripsi
934 855 1021 922 pat·¹

84 959 139 1014 tta.
180 943 285 1014 Prima
312 957 363 1012 cat
380 943 420 1012 de
440 937 528 1012 Veto
553 944 650 1030 ipso,
672 949 808 1035 ejusque
830 957 945 1020 natum
972 967 1007 1020 ca
1056 985 1058 990 .

81 1060 269 1146 generibus:
298 1071 368 1126 tum
394 1057 433 1124 de
455 1056 543 1128 Vero
567 1056 720 1144 Logico,
756 1080 815 1132 aeta
840 1063 1008 1134 Enuncia·

81 1182 182 1252 tione:
209 1176 351 1262 denique
370 1175 410 1245 de
426 1177 526 1265 huius
547 1173 799 1264 partibus,·teu'
816 1181 914 1250 ideis.
944 1179 1010 1252 Se-
1076 1155 1080 1166 ’

82 1299 180 1366 cunda
204 1311 260 1364 cst
284 1295 324 1362 dc
341 1291 579 1376 facultatibus,
602 1292 726 1376 quibua
744 1293 878 1362 maxime
896 1295 1007 1369 cont&

81 1398 385 1484 netur‘Diataetic'ae
401 1409 563 1493 officium,
593 1409 794 1494 cognitione
819 1425 851 1478 ct
872 1409 1005 1478 Oratio·

84 1545 131 1596 ne.
172 1526 236 1596 His
266 1525 368 1612 igitur
393 1523 518 1594 duabus
544 1523 693 1608 partibus
708 1523 861 1592 assumtio
878 1542 916 1592 ea
932 1521 1007 1590 Mo·

83 1643 245 1731 uphyaica
266 1641 436 1724 doctrina,
458 1657 490 1708 ct
508 1638 681 1716 substratis
697 1640 799 1707 veluti
815 1637 1006 1712 fundamen·

83 1761 140 1845 tis,
161 1761 290 1828 tertiam
308 1755 512 1844 superstruxi
531 1771 676 1840 partem,
698 1772 780 1838 quae
797 1772 848 1824 cst
869 1758 909 1831 de
929 1755 1003 1824 Mo·

83 1877 195 1960 thodo,
213 1890 247 1941 ct
266 1873 436 1958 proprium
452 1868 557 1954 ipsius
573 1867 768 1941 Dialecticae
780 1869 901 1936 'munus
920 1887 1000 1946 con,-
1114 1933 1116 1938 ,

82 1989 166 2064 tinet.
208 1987 325 2072 Hujus
352 1984 482 2052 initium
508 1981 587 2054 duxi
603 1982 643 2050 ab
663 1981 878 2066 explicatione
898 1984 1005 2052 rario-

82 2124 146 2175 tum
168 2121 320 2195 gmeram
348 2101 530 2200 Methodi,
546 2114 578 2170 et
602 2100 824 2187 disputatione
848 2104 888 2170 de
908 2102 1000 2174 Nota
1086 2183 1089 2190 ,

81 2223 172 2292 Venit
192 2239 315 2308 atque,
336 2233 374 2288 nt
389 2207 424 2288 in
439 2232 510 2288 tota
529 2218 731 2302 scriptione,
753 2219 798 2286 ita
822 2219 857 2288 in
883 2219 999 2304 primia

82 2338 189 2406 irarum
208 2337 359 2422 capitum
377 2333 590 2416 tractatione,
612 2331 764 2401 Veterum
782 2331 889 2400 sonus
907 2351 1000 2403 secu·
1117 2413 1121 2418 ,
1218 2299 1223 2310 ’

80 2464 234 2532 tuasnma
264 2465 403 2532 quorum
428 2445 648 2531 cognitionem
674 2459 709 2514 et
728 2444 935 2514 necmsariam
957 2447 998 2525 ad

80 2569 157 2640 hunc
177 2571 316 2650 locum,
347 2581 380 2634 ct
404 2565 674 2635 accommodatam
695 2566 737 2634 ad
760 2585 864 2634 meum
886 2567 999 2638 consi..

85 2681 175 2770 Dum,
194 2683 396 2769 indicabam.
440 2681 530 2750 Tum
550 2683 704 2765 reliquam
725 2685 797 2770 ejus
811 2685 913 2769 partia
930 2703 996 2762 ma

80 2804 174 2872 tcum
198 2801 366 2888 explicui,
390 2817 472 2884 quae
497 2800 682 2868 continetur
699 2800 882 2870 Verborum
905 2821 994 2886 nau,

79 2915 270 3002 Dividenda,
293 2917 505 2998 Definiendo,
527 2917 789 3002 Argumentando
806 2916 839 2984 in
855 2933 997 3002 utroque

81 3033 259 3106 Evidentiae
286 3051 415 3120 genera
470 3031 726 3112 Mathematico,
755 3031 851 3122 cujus
873 3033 996 3109 inctru-

78 3165 208 3218 mmtum
225 3163 277 3236 cat
294 3145 535 3233 Syllogiamuat
574 3143 757 3227 Probabiii,
778 3145 835 3212 cui
846 3161 911 3212 tres
927 3143 997 3214 fot·

77 3281 140 3334 mae
159 3265 325 3355 subjectae
342 3278 443 3344 sunt,
458 3261 604 3342 Sensus,
622 3259 884 3342 'icatimonium
901 3257 995 3348 Con?

75 3379 199 3465 iectura.
238 3381 364 3470 Quarta
381 3397 455 3463 pars
479 3391 584 3444 totum
609 3375 903 3462 ittam-,apparatam
926 3395 994 3446 ma·

74 3501 167 3568 neriae
184 3502 353 3590 componit
379 3517 480 3584 atque
504 3498 665 3570 convertit
690 3499 730 3568 ad
757 3497 853 3568 finem
884 3498 994 3566 Diuic-

75 3620 191 3705 eticae,
216 3625 269 3704 qni
294 3621 427 3708 posinna
453 3636 503 3688 eat
521 3617 556 3688 in
579 3617 756 3686 Doctrinae
777 3618 991 3702 praestantiae

75 3753 103 3799 et
118 3753 193 3804 sunt
206 3739 305 3828 hujus
323 3739 426 3822 partis
445 3737 513 3804 dno
530 3734 659 3818 capita,
682 3735 814 3800 aiterum
835 3733 878 3804 de
898 3733 994 3818 lutge-

73 3861 123 3924 m'o
138 3863 306 3944 acuendo,
322 3861 458 3940 uinctum
471 3859 514 3926 de
527 3852 689 3924 Fontibus
705 3852 902 3934 Doctrinae,
925 3852 998 3920 Ea·

937 3980 996 4048 pa-
