2506 4712
245 298 383 404 vara
408 301 454 376 n
481 293 826 382 auuuuuurr
943 319 1020 413 rau

66 505 148 566 eene
179 503 336 577 quantun
362 491 480 574 veliet,
503 509 569 560 uon
587 447 745 576 quantun
763 512 896 586 posstt3
920 521 1013 576 ratos

69 609 240 681 liberalius
259 609 429 691 habitum,
452 623 510 676 nee
530 627 657 676 term
680 611 873 695 disciplinae
895 619 1015 700 adsui-‚a
1159 671 1171 684 r
1208 687 1215 696 ,

69 744 193 810 ctum,
215 743 391 812 progressu
423 725 534 792 aetatis
553 741 670 810 sponte
690 728 724 796 in
745 745 862 796 rectam
885 735 1010 804 studio-

71 859 153 914 rum
183 845 265 911 viam
292 841 527 927 ingressorum»
579 839 650 907 Nec
676 860 752 926 spes
781 861 852 910 euru
879 843 1011 920 fefellitr

73 959 352 1034 Adulescentulus
387 975 464 1026 rnox
504 956 608 1024 laudis
640 957 870 1043 doctrinaeque
899 981 1012 1034 autore

74 1085 279 1167 percussus,
301 1076 388 1144 dedit
407 1095 443 1143 se
455 1077 495 1143 ad
518 1075 704 1142 inchoatum
722 1075 906 1146 Literarum
923 1099 1013 1164 opus

73 1194 358 1283 persequendum,
380 1189 574 1259 Graecarum
600 1167 886 1276 Romanorumque
914 1194 1011 1262 duci·

75 1315 145 1382 bus
171 1309 383 1378 Velckenrrio
409 1323 441 1374 et
463 1307 696 1390 Ruimkeoiot,
713 1307 924 1378 Orientalium
950 1331 1008 1397 pa·

77 1437 142 1497 tre.
188 1433 224 1498 io
246 1425 299 1493 his
323 1423 413 1492 brevi
437 1431 549 1492 tantos
571 1425 650 1492 iecit
667 1441 882 1511 progressus,
906 1443 942 1495 ut
960 1431 1009 1504 oi·

79 1543 168 1631 giuti
189 1557 220 1611 et
243 1557 383 1626 quatuor
408 1559 512 1608 annos
535 1557 654 1622 uatus,
681 1559 785 1608 eorum
807 1542 836 1608 ei
858 1546 1008 1616 cathedre

77 1659 314 1734 amstelodami
331 1653 552 1729 mandaretur:
576 1677 671 1740 quam
695 1676 752 1741 pet
767 1675 823 1726 seu
839 1677 945 1728 annot
961 1675 1009 1728 te·

80 1780 178 1864 nuit,
199 1778 464 1865 coniunctissime
487 1793 612 1842 meeum
637 1778 764 1844 vivens.
810 1775 897 1844 Hinc
922 1777 1007 1861 patri

77 1911 214 1966 mortuo
229 1893 797 1978 suecessorLugdunurubatrvoruau
814 1897 1007 1980 traductus,

77 2017 204 2084 easdem
236 2013 363 2080 Literas
388 2011 535 2080 docendo
569 2009 691 2096 egregie
725 2025 854 2078 tutatus
874 2025 945 2080 estt
972 2027 1006 2082 tt

77 2130 199 2198 avitam
220 2127 353 2214 gloriam
377 2140 563 2212 aequasset,
595 2127 625 2194 si
648 2125 826 2211 longiorem
850 2126 1005 2194 civitam

79 2251 150 2320 fata
172 2225 425 2318 contusissentt
471 2245 559 2312 Raro
578 2247 718 2329 quodam
741 2259 874 2312 narone
895 2261 1010 2312 muns

75 2389 134 2455 te,
157 2372 254 2440 simui
269 2371 404 2438 habebat
419 2383 594 2451 utrumque
608 2367 710 2450 illud,
732 2364 811 2440 titur
827 2369 880 2440 nai
898 2369 1006 2441 noo.

79 2493 121 2561 in
142 2487 239 2558 vultu
265 2499 297 2556 et
321 2487 427 2556 oculis
453 2496 606 2570 expressa
632 2497 697 2553 erat
720 2485 819 2567 animi
837 2485 1005 2570 probitas,

76 2603 288 2688 magnitudo,
310 2602 545 2684 benivolentia,
578 2613 611 2667 et
637 2600 761 2668 nullius
783 2619 852 2668 non
872 2601 1004 2668 virtutis

75 2713 296 2808 significatio:
323 2699 476 2799 habitus,
506 2732 640 2802 gestus,
671 2721 1003 2804 motus‚p1urimuur

76 2833 220 2902 habebat
242 2827 381 2898 decoris.
424 2829 605 2898 Accedebat
626 2834 798 2900 acerrimus
820 2834 926 2918 pulcri
948 2849 1005 2904 vt·

83 2955 181 3038 rique
198 2969 335 3036 sensus,
358 2951 435 3020 mira
452 2951 587 3019 comitas
606 2965 638 3018 et
655 2953 846 3036 affabisstas‚
867 2973 926 3022 nee
943 2955 1003 3022 mi·

78 3087 144 3153 nor
159 3066 319 3136 sermonis
339 3065 471 3151 orisque
487 3070 743 3153 commendati03
769 3070 876 3138 omnia
902 3073 922 3138 a·
947 3091 1004 3141 nt·

78 3197 153 3250 tura
168 3179 311 3265 tributa,
333 3181 381 3250 nii
409 3182 519 3250 studio
540 3186 733 3267 quaesitum.
777 3186 882 3270 Igitur
902 3188 1000 3271 pauci

76 3279 234 3382 fuerunt,
257 3298 313 3383 qui
329 3300 382 3369 vei
396 3301 546 3368 docentes
564 3303 615 3370 vel
629 3303 774 3370 dicentes
792 3307 910 3390 majore
921 3321 1001 3373 cunt

81 3415 249 3500 voluptate
262 3428 293 3480 et
309 3411 473 3482 fatuitati-s
491 3415 645 3498 opinione
659 3416 863 3484 audirentur:
881 3421 1000 3507 pauci,

80 3547 220 3615 quorum
249 3530 399 3614 privatim
429 3531 585 3599 sodalitas
614 3545 646 3596 et
671 3532 873 3599 consuetodo
898 3535 1003 3620 vulgo
1030 3523 1034 3532 ⁵

79 3647 182 3732 magis
197 3663 407 3729 expeteretur.
438 3643 534 3716 Unde
547 3645 690 3728 factum,
712 3659 749 3711 ut
765 3644 885 3716 Literis
902 3651 1002 3721 desti.

80 3763 150 3833 nati
167 3763 227 3830 otii
239 3745 394 3830 nonnulla
417 3783 490 3848 pata
513 3763 542 3830 ei
566 3763 700 3846 periret,
722 3779 878 3848 occupata
894 3783 999 3836 entra.

81 3878 251 3954 ordinariis
273 3879 409 3966 offitiis3
433 3897 557 3966 quum,
589 3896 647 3964 per
673 3893 803 3947 naturae
827 3880 999 3949 liberalita-

914 4009 1002 4082 tem,
