<?xml version="1.0" encoding="UTF-8"?>
<!DOCTYPE html PUBLIC "-//W3C//DTD XHTML 1.0 Transitional//EN"
    "http://www.w3.org/TR/xhtml1/DTD/xhtml1-transitional.dtd">
<html xmlns="http://www.w3.org/1999/xhtml" xml:lang="en" lang="en">
 <head>
  <title>
</title>
<meta http-equiv="Content-Type" content="text/html;charset=utf-8" />
  <meta name='ocr-system' content='tesseract 3.04.00' />
  <meta name='ocr-capabilities' content='ocr_page ocr_carea ocr_par ocr_line ocrx_word'/>
</head>
<body>
  <div class='ocr_page' id='page_1' title='image "./opusculavariiar01wyttgoog_0653.png"; bbox 0 0 2508 4712; ppageno 0'>
   <div class='ocr_carea' id='block_1_1' title="bbox 232 349 979 446">
    <p class='ocr_par' dir='ltr' id='par_1_1' title="bbox 232 349 979 446">
     <span class='ocr_line' id='line_1_1' title="bbox 232 349 979 446; baseline -0.007 -17"><span class='ocrx_word' id='word_1_1' title='bbox 232 373 295 446; x_wconf 63' lang='grc' dir='ltr'><strong>(σε</strong></span> <span class='ocrx_word' id='word_1_2' title='bbox 399 357 538 432; x_wconf 83' lang='lat' dir='ltr'>VITA</span> <span class='ocrx_word' id='word_1_3' title='bbox 565 355 613 426; x_wconf 86' lang='lat' dir='ltr'><strong>l).</strong></span> <span class='ocrx_word' id='word_1_4' title='bbox 643 349 979 426; x_wconf 77' lang='lat' dir='ltr'>RUHNKENIL</span> 
     </span>
    </p>
   </div>
   <div class='ocr_carea' id='block_1_2' title="bbox 212 540 1251 4004">
    <p class='ocr_par' dir='ltr' id='par_1_2' title="bbox 234 540 1253 2837">
     <span class='ocr_line' id='line_1_2' title="bbox 235 540 1155 644; baseline -0.012 -23"><span class='ocrx_word' id='word_1_5' title='bbox 235 551 404 644; x_wconf 81' lang='lat' dir='ltr'><strong>mihinam</strong></span> <span class='ocrx_word' id='word_1_6' title='bbox 437 545 606 624; x_wconf 71' lang='lat' dir='ltr'><strong>offerrent,</strong></span> <span class='ocrx_word' id='word_1_7' title='bbox 635 542 780 626; x_wconf 80' lang='lat' dir='ltr'>mihique</span> <span class='ocrx_word' id='word_1_8' title='bbox 800 553 838 608; x_wconf 88' lang='lat' dir='ltr'><strong>ot</strong></span> <span class='ocrx_word' id='word_1_9' title='bbox 864 540 1003 608; x_wconf 91' lang='lat' dir='ltr'><strong>oblatam</strong></span> <span class='ocrx_word' id='word_1_10' title='bbox 1028 543 1155 626; x_wconf 78' lang='lat' dir='ltr'><strong>accipe-</strong></span> 
     </span>
     <span class='ocr_line' id='line_1_3' title="bbox 234 657 1159 750; baseline -0.006 -19"><span class='ocrx_word' id='word_1_11' title='bbox 234 687 324 750; x_wconf 81' lang='lat' dir='ltr'><strong>rem,</strong></span> <span class='ocrx_word' id='word_1_12' title='bbox 338 664 527 750; x_wconf 73' lang='lat' dir='ltr'>persuadent</span> <span class='ocrx_word' id='word_1_13' title='bbox 538 659 713 728; x_wconf 83' lang='lat' dir='ltr'><strong>duumviri.</strong></span> <span class='ocrx_word' id='word_1_14' title='bbox 737 657 843 744; x_wconf 88' lang='lat' dir='ltr'><strong>Quam</strong></span> <span class='ocrx_word' id='word_1_15' title='bbox 858 657 1039 722; x_wconf 77' lang='lat' dir='ltr'><strong>cathedram</strong></span> <span class='ocrx_word' id='word_1_16' title='bbox 1057 678 1159 741; x_wconf 88' lang='lat' dir='ltr'><strong>quam</strong></span> 
     </span>
     <span class='ocr_line' id='line_1_4' title="bbox 238 773 1166 872; baseline -0.019 -22"><span class='ocrx_word' id='word_1_17' title='bbox 238 803 297 872; x_wconf 77' lang='lat' dir='ltr'><strong>per</strong></span> <span class='ocrx_word' id='word_1_18' title='bbox 317 795 393 849; x_wconf 90' lang='lat' dir='ltr'><strong>octo</strong></span> <span class='ocrx_word' id='word_1_19' title='bbox 415 795 518 847; x_wconf 84' lang='lat' dir='ltr'><strong>annos</strong></span> <span class='ocrx_word' id='word_1_20' title='bbox 544 773 742 856; x_wconf 80' lang='lat' dir='ltr'><strong>tenuissem,</strong></span> <span class='ocrx_word' id='word_1_21' title='bbox 765 775 797 841; x_wconf 88' lang='lat' dir='ltr'><strong>in</strong></span> <span class='ocrx_word' id='word_1_22' title='bbox 813 773 907 840; x_wconf 90' lang='lat' dir='ltr'><strong>aliam</strong></span> <span class='ocrx_word' id='word_1_23' title='bbox 924 773 1166 840; x_wconf 84' lang='lat' dir='ltr'><strong>traducorPhi.</strong></span> 
     </span>
     <span class='ocr_line' id='line_1_5' title="bbox 237 889 1166 982; baseline -0.017 -10"><span class='ocrx_word' id='word_1_24' title='bbox 237 896 407 982; x_wconf 87' lang='lat' dir='ltr'><strong>losophiae</strong></span> <span class='ocrx_word' id='word_1_25' title='bbox 428 894 462 960; x_wconf 90' lang='lat' dir='ltr'><strong>in</strong></span> <span class='ocrx_word' id='word_1_26' title='bbox 485 889 609 958; x_wconf 87' lang='lat' dir='ltr'><strong>lllaatri</strong></span> <span class='ocrx_word' id='word_1_27' title='bbox 632 889 980 958; x_wconf 79' lang='lat' dir='ltr'><strong>Amardodamensium</strong></span> <span class='ocrx_word' id='word_1_28' title='bbox 999 889 1166 956; x_wconf 76' lang='lat' dir='ltr'><strong>Athenaeo</strong></span> 
     </span>
     <span class='ocr_line' id='line_1_6' title="bbox 238 1007 1169 1092; baseline -0.012 -12"><span class='ocrx_word' id='word_1_29' title='bbox 238 1012 429 1088; x_wconf 79' lang='lat' dir='ltr'><strong>instauratae</strong></span> <span class='ocrx_word' id='word_1_30' title='bbox 443 1007 616 1092; x_wconf 82' lang='lat' dir='ltr'><strong>(1779.)a</strong></span> <span class='ocrx_word' id='word_1_31' title='bbox 638 1023 769 1088; x_wconf 87' lang='lat' dir='ltr'><strong>eamque</strong></span> <span class='ocrx_word' id='word_1_32' title='bbox 788 1019 880 1072; x_wconf 85' lang='lat' dir='ltr'><strong>serto</strong></span> <span class='ocrx_word' id='word_1_33' title='bbox 900 1022 989 1071; x_wconf 87' lang='lat' dir='ltr'><strong>anno</strong></span> <span class='ocrx_word' id='word_1_34' title='bbox 1008 1007 1169 1091; x_wconf 81' lang='lat'><strong>(1785.)</strong></span> 
     </span>
     <span class='ocr_line' id='line_1_7' title="bbox 238 1119 1168 1212; baseline -0.009 -18"><span class='ocrx_word' id='word_1_35' title='bbox 238 1128 314 1212; x_wconf 84' lang='lat' dir='ltr'><strong>item</strong></span> <span class='ocrx_word' id='word_1_36' title='bbox 339 1135 507 1189; x_wconf 87' lang='lat' dir='ltr'><strong>commuto</strong></span> <span class='ocrx_word' id='word_1_37' title='bbox 534 1138 608 1186; x_wconf 91' lang='lat' dir='ltr'><strong>cum</strong></span> <span class='ocrx_word' id='word_1_38' title='bbox 636 1119 814 1192; x_wconf 83' lang='lat' dir='ltr'><strong>Literarum</strong></span> <span class='ocrx_word' id='word_1_39' title='bbox 843 1136 875 1186; x_wconf 89' lang='lat' dir='ltr'><strong>et</strong></span> <span class='ocrx_word' id='word_1_40' title='bbox 894 1119 1118 1186; x_wconf 76' lang='lat' dir='ltr'><strong>Historiarum</strong></span> <span class='ocrx_word' id='word_1_41' title='bbox 1134 1119 1168 1186; x_wconf 90' lang='lat' dir='ltr'><strong>in</strong></span> 
     </span>
     <span class='ocr_line' id='line_1_8' title="bbox 237 1235 1172 1330; baseline -0.014 -19"><span class='ocrx_word' id='word_1_42' title='bbox 237 1247 348 1330; x_wconf 66' lang='lat' dir='ltr'><strong>melem</strong></span> <span class='ocrx_word' id='word_1_43' title='bbox 366 1242 533 1315; x_wconf 78' lang='lat' dir='ltr'><strong>Athenaeo</strong></span> <span class='ocrx_word' id='word_1_44' title='bbox 547 1239 716 1306; x_wconf 74' lang='lat' dir='ltr'><strong>cathedrae</strong></span> <span class='ocrx_word' id='word_1_45' title='bbox 730 1239 915 1320; x_wconf 82' lang='lat' dir='ltr'><strong>pastillum</strong></span> <span class='ocrx_word' id='word_1_46' title='bbox 928 1235 1054 1302; x_wconf 87' lang='lat' dir='ltr'><strong>docimo</strong></span> <span class='ocrx_word' id='word_1_47' title='bbox 1070 1255 1172 1318; x_wconf 85' lang='lat' dir='ltr'><strong>quar.</strong></span> 
     </span>
     <span class='ocr_line' id='line_1_9' title="bbox 237 1351 1167 1442; baseline -0.01 -17"><span class='ocrx_word' id='word_1_48' title='bbox 237 1375 298 1442; x_wconf 83' lang='lat' dir='ltr'><strong>to,</strong></span> <span class='ocrx_word' id='word_1_49' title='bbox 328 1359 429 1424; x_wconf 88' lang='lat' dir='ltr'><strong>altero</strong></span> <span class='ocrx_word' id='word_1_50' title='bbox 456 1369 533 1438; x_wconf 83' lang='lat' dir='ltr'><strong>post</strong></span> <span class='ocrx_word' id='word_1_51' title='bbox 560 1355 748 1422; x_wconf 84' lang='lat' dir='ltr'><strong>Ruhnkenii</strong></span> <span class='ocrx_word' id='word_1_52' title='bbox 777 1353 930 1432; x_wconf 91' lang='lat' dir='ltr'><strong>obitum,</strong></span> <span class='ocrx_word' id='word_1_53' title='bbox 958 1368 1059 1432; x_wconf 88' lang='lat' dir='ltr'><strong>anno,</strong></span> <span class='ocrx_word' id='word_1_54' title='bbox 1094 1351 1167 1416; x_wconf 91' lang='lat' dir='ltr'><strong>hoo</strong></span> 
     </span>
     <span class='ocr_line' id='line_1_10' title="bbox 239 1470 1165 1562; baseline -0.023 -12"><span class='ocrx_word' id='word_1_55' title='bbox 239 1479 317 1562; x_wconf 74' lang='lat' dir='ltr'><strong>ipso</strong></span> <span class='ocrx_word' id='word_1_56' title='bbox 333 1472 542 1558; x_wconf 76' lang='lat' dir='ltr'><strong>nonagesimo</strong></span> <span class='ocrx_word' id='word_1_57' title='bbox 558 1491 671 1554; x_wconf 89' lang='lat' dir='ltr'><strong>nono,</strong></span> <span class='ocrx_word' id='word_1_58' title='bbox 694 1472 890 1557; x_wconf 79' lang='lat' dir='ltr'><strong>Lugdunum</strong></span> <span class='ocrx_word' id='word_1_59' title='bbox 913 1470 1014 1556; x_wconf 89' lang='lat' dir='ltr'><strong>migro</strong></span> <span class='ocrx_word' id='word_1_60' title='bbox 1030 1487 1165 1538; x_wconf 76' lang='lat' dir='ltr'><strong>succes.</strong></span> 
     </span>
     <span class='ocr_line' id='line_1_11' title="bbox 241 1587 1175 1672; baseline -0.01 -9"><span class='ocrx_word' id='word_1_61' title='bbox 241 1613 299 1664; x_wconf 87' lang='lat' dir='ltr'><strong>aor</strong></span> <span class='ocrx_word' id='word_1_62' title='bbox 316 1605 446 1658; x_wconf 91' lang='lat' dir='ltr'><strong>mortuo</strong></span> <span class='ocrx_word' id='word_1_63' title='bbox 462 1587 533 1668; x_wconf 85' lang='lat' dir='ltr'><strong>illi,</strong></span> <span class='ocrx_word' id='word_1_64' title='bbox 555 1587 608 1656; x_wconf 85' lang='lat' dir='ltr'><strong>eui</strong></span> <span class='ocrx_word' id='word_1_65' title='bbox 633 1587 711 1656; x_wconf 83' lang='lat' dir='ltr'><strong>vivo</strong></span> <span class='ocrx_word' id='word_1_66' title='bbox 738 1607 832 1672; x_wconf 87' lang='lat' dir='ltr'><strong>saepe</strong></span> <span class='ocrx_word' id='word_1_67' title='bbox 847 1587 975 1671; x_wconf 81' lang='lat' dir='ltr'><strong>collega</strong></span> <span class='ocrx_word' id='word_1_68' title='bbox 990 1587 1175 1654; x_wconf 83' lang='lat' dir='ltr'><strong>destinatus</strong></span> 
     </span>
     <span class='ocr_line' id='line_1_12' title="bbox 242 1687 1179 1792; baseline -0.009 -10"><span class='ocrx_word' id='word_1_69' title='bbox 242 1713 467 1792; x_wconf 83' lang='lat' dir='ltr'><strong>invitatusque</strong></span> <span class='ocrx_word' id='word_1_70' title='bbox 490 1707 638 1776; x_wconf 85' lang='lat' dir='ltr'><strong>fuissem.</strong></span> <span class='ocrx_word' id='word_1_71' title='bbox 691 1707 742 1776; x_wconf 82' lang='lat' dir='ltr'><strong>Ac</strong></span> <span class='ocrx_word' id='word_1_72' title='bbox 772 1726 829 1792; x_wconf 87' lang='lat' dir='ltr'><strong>per</strong></span> <span class='ocrx_word' id='word_1_73' title='bbox 853 1721 961 1773; x_wconf 91' lang='lat' dir='ltr'><strong>totum</strong></span> <span class='ocrx_word' id='word_1_74' title='bbox 987 1706 1071 1772; x_wconf 90' lang='lat' dir='ltr'><strong>illud</strong></span> <span class='ocrx_word' id='word_1_75' title='bbox 1093 1687 1179 1774; x_wconf 65' lang='lat' dir='ltr'><strong>hm·</strong></span> 
     </span>
     <span class='ocr_line' id='line_1_13' title="bbox 241 1821 1248 1926; baseline -0.01 -31"><span class='ocrx_word' id='word_1_76' title='bbox 241 1826 475 1906; x_wconf 75' lang='lat' dir='ltr'><strong>atelodameose</strong></span> <span class='ocrx_word' id='word_1_77' title='bbox 498 1837 649 1906; x_wconf 85' lang='lat' dir='ltr'><strong>tempus,</strong></span> <span class='ocrx_word' id='word_1_78' title='bbox 671 1841 773 1906; x_wconf 88' lang='lat' dir='ltr'><strong>quum</strong></span> <span class='ocrx_word' id='word_1_79' title='bbox 799 1821 1081 1896; x_wconf 83' lang='lat' dir='ltr'><strong>Amstelodamum</strong></span> <span class='ocrx_word' id='word_1_80' title='bbox 1109 1822 1180 1904; x_wconf 83' lang='lat' dir='ltr'><strong>pri·</strong></span> <span class='ocrx_word' id='word_1_81' title='bbox 1247 1861 1248 1926; x_wconf 48' lang='grc'>1</span> 
     </span>
     <span class='ocr_line' id='line_1_14' title="bbox 243 1941 1249 2028; baseline -0.009 -14"><span class='ocrx_word' id='word_1_82' title='bbox 243 1961 299 2025; x_wconf 78' lang='lat' dir='ltr'><strong>mo</strong></span> <span class='ocrx_word' id='word_1_83' title='bbox 322 1944 506 2028; x_wconf 82' lang='lat' dir='ltr'><strong>patriaeque</strong></span> <span class='ocrx_word' id='word_1_84' title='bbox 529 1945 604 2010; x_wconf 92' lang='lat' dir='ltr'><strong>loco</strong></span> <span class='ocrx_word' id='word_1_85' title='bbox 630 1943 710 2010; x_wconf 90' lang='lat' dir='ltr'><strong>mihi</strong></span> <span class='ocrx_word' id='word_1_86' title='bbox 738 1957 845 2024; x_wconf 88' lang='lat' dir='ltr'><strong>esset,</strong></span> <span class='ocrx_word' id='word_1_87' title='bbox 868 1941 926 2008; x_wconf 87' lang='lat' dir='ltr'><strong>ubi</strong></span> <span class='ocrx_word' id='word_1_88' title='bbox 950 1941 1000 2008; x_wconf 87' lang='lat' dir='ltr'><strong>nil</strong></span> <span class='ocrx_word' id='word_1_89' title='bbox 1017 1941 1183 2009; x_wconf 87' lang='lat' dir='ltr'><strong>desidera·</strong></span> <span class='ocrx_word' id='word_1_90' title='bbox 1248 1941 1249 2016; x_wconf 96' lang='grc'>1</span> 
     </span>
     <span class='ocr_line' id='line_1_15' title="bbox 243 2053 1251 2154; baseline -0.008 -26"><span class='ocrx_word' id='word_1_91' title='bbox 243 2075 309 2128; x_wconf 81' lang='lat' dir='ltr'><strong>rem</strong></span> <span class='ocrx_word' id='word_1_92' title='bbox 324 2076 434 2124; x_wconf 85' lang='lat' dir='ltr'><strong>eorum</strong></span> <span class='ocrx_word' id='word_1_93' title='bbox 453 2055 575 2139; x_wconf 85' lang='lat' dir='ltr'><strong>quibua</strong></span> <span class='ocrx_word' id='word_1_94' title='bbox 600 2055 717 2122; x_wconf 89' lang='lat' dir='ltr'><strong>literati</strong></span> <span class='ocrx_word' id='word_1_95' title='bbox 744 2055 885 2122; x_wconf 87' lang='lat' dir='ltr'><strong>hominia</strong></span> <span class='ocrx_word' id='word_1_96' title='bbox 910 2058 1015 2122; x_wconf 89' lang='lat' dir='ltr'><strong>otium</strong></span> <span class='ocrx_word' id='word_1_97' title='bbox 1040 2073 1080 2122; x_wconf 89' lang='lat' dir='ltr'><strong>ac</strong></span> <span class='ocrx_word' id='word_1_98' title='bbox 1106 2053 1183 2121; x_wconf 84' lang='lat' dir='ltr'><strong>feli·</strong></span> <span class='ocrx_word' id='word_1_99' title='bbox 1250 2097 1251 2154; x_wconf 58' lang='lat' dir='ltr'><strong>g</strong></span> 
     </span>
     <span class='ocr_line' id='line_1_16' title="bbox 240 2171 1186 2256; baseline -0.003 -14"><span class='ocrx_word' id='word_1_100' title='bbox 240 2174 323 2254; x_wconf 84' lang='lat' dir='ltr'><strong>citas</strong></span> <span class='ocrx_word' id='word_1_101' title='bbox 340 2187 543 2244; x_wconf 84' lang='lat' dir='ltr'><strong>censeretur:</strong></span> <span class='ocrx_word' id='word_1_102' title='bbox 567 2171 789 2256; x_wconf 79' lang='lat' dir='ltr'><strong>Lugdunum,</strong></span> <span class='ocrx_word' id='word_1_103' title='bbox 811 2189 875 2240; x_wconf 89' lang='lat' dir='ltr'><strong>una</strong></span> <span class='ocrx_word' id='word_1_104' title='bbox 895 2191 935 2240; x_wconf 83' lang='lat' dir='ltr'><strong>ea</strong></span> <span class='ocrx_word' id='word_1_105' title='bbox 953 2171 1123 2240; x_wconf 86' lang='lat' dir='ltr'><strong>omnibus</strong></span> <span class='ocrx_word' id='word_1_106' title='bbox 1134 2191 1186 2239; x_wconf 85' lang='lat' dir='ltr'><strong>ro-</strong></span> 
     </span>
     <span class='ocr_line' id='line_1_17' title="bbox 242 2287 1181 2370; baseline 0 -14"><span class='ocrx_word' id='word_1_107' title='bbox 242 2289 346 2370; x_wconf 87' lang='lat' dir='ltr'><strong>liquis</strong></span> <span class='ocrx_word' id='word_1_108' title='bbox 369 2288 506 2356; x_wconf 87' lang='lat' dir='ltr'><strong>Batauae</strong></span> <span class='ocrx_word' id='word_1_109' title='bbox 526 2301 624 2354; x_wconf 76' lang='lat' dir='ltr'><strong>marae</strong></span> <span class='ocrx_word' id='word_1_110' title='bbox 642 2287 803 2367; x_wconf 86' lang='lat' dir='ltr'><strong>urbibus,</strong></span> <span class='ocrx_word' id='word_1_111' title='bbox 826 2288 970 2354; x_wconf 88' lang='lat' dir='ltr'><strong>secundo</strong></span> <span class='ocrx_word' id='word_1_112' title='bbox 997 2289 1076 2356; x_wconf 90' lang='lat' dir='ltr'><strong>mihi</strong></span> <span class='ocrx_word' id='word_1_113' title='bbox 1098 2288 1181 2356; x_wconf 85' lang='lat' dir='ltr'><strong>loco</strong></span> 
     </span>
     <span class='ocr_line' id='line_1_18' title="bbox 246 2400 1187 2488; baseline 0.003 -22"><span class='ocrx_word' id='word_1_114' title='bbox 246 2401 336 2488; x_wconf 77' lang='lat' dir='ltr'><strong>fuit,</strong></span> <span class='ocrx_word' id='word_1_115' title='bbox 359 2419 454 2481; x_wconf 89' lang='lat' dir='ltr'><strong>quam</strong></span> <span class='ocrx_word' id='word_1_116' title='bbox 473 2417 506 2470; x_wconf 87' lang='lat' dir='ltr'><strong>et</strong></span> <span class='ocrx_word' id='word_1_117' title='bbox 527 2419 682 2481; x_wconf 84' lang='lat' dir='ltr'><strong>amarem,</strong></span> <span class='ocrx_word' id='word_1_118' title='bbox 706 2415 743 2467; x_wconf 89' lang='lat' dir='ltr'><strong>ut</strong></span> <span class='ocrx_word' id='word_1_119' title='bbox 763 2400 944 2470; x_wconf 85' lang='lat' dir='ltr'><strong>studiorum</strong></span> <span class='ocrx_word' id='word_1_120' title='bbox 971 2421 1115 2470; x_wconf 87' lang='lat' dir='ltr'><strong>meorum</strong></span> <span class='ocrx_word' id='word_1_121' title='bbox 1131 2407 1187 2469; x_wconf 88' lang='lat' dir='ltr'><strong>al·</strong></span> 
     </span>
     <span class='ocr_line' id='line_1_19' title="bbox 245 2511 1184 2608; baseline -0.004 -22"><span class='ocrx_word' id='word_1_122' title='bbox 245 2515 361 2608; x_wconf 62' lang='lat' dir='ltr'><strong>,tricem</strong></span> <span class='ocrx_word' id='word_1_123' title='bbox 380 2527 412 2578; x_wconf 84' lang='lat' dir='ltr'><strong>et</strong></span> <span class='ocrx_word' id='word_1_124' title='bbox 428 2511 574 2582; x_wconf 85' lang='lat' dir='ltr'><strong>lubenter</strong></span> <span class='ocrx_word' id='word_1_125' title='bbox 585 2516 778 2596; x_wconf 84' lang='lat' dir='ltr'><strong>inviserem,</strong></span> <span class='ocrx_word' id='word_1_126' title='bbox 793 2530 832 2582; x_wconf 90' lang='lat' dir='ltr'><strong>ut</strong></span> <span class='ocrx_word' id='word_1_127' title='bbox 847 2519 1065 2602; x_wconf 82' lang='lat' dir='ltr'><strong>magistrorum</strong></span> <span class='ocrx_word' id='word_1_128' title='bbox 1081 2533 1184 2582; x_wconf 86' lang='lat' dir='ltr'><strong>meo·</strong></span> 
     </span>
     <span class='ocr_line' id='line_1_20' title="bbox 243 2626 1184 2718; baseline 0.005 -23"><span class='ocrx_word' id='word_1_129' title='bbox 243 2647 341 2713; x_wconf 75' lang='lat' dir='ltr'><strong>rum,</strong></span> <span class='ocrx_word' id='word_1_130' title='bbox 362 2626 630 2718; x_wconf 78' lang='lat' dir='ltr'><strong>amicissimorum</strong></span> <span class='ocrx_word' id='word_1_131' title='bbox 654 2631 820 2715; x_wconf 89' lang='lat' dir='ltr'><strong>uirorum,</strong></span> <span class='ocrx_word' id='word_1_132' title='bbox 845 2635 1014 2701; x_wconf 85' lang='lat' dir='ltr'><strong>stationem</strong></span> <span class='ocrx_word' id='word_1_133' title='bbox 1046 2648 1081 2696; x_wconf 87' lang='lat' dir='ltr'><strong>ae</strong></span> <span class='ocrx_word' id='word_1_134' title='bbox 1112 2631 1184 2700; x_wconf 89' lang='lat' dir='ltr'><strong>do·</strong></span> 
     </span>
     <span class='ocr_line' id='line_1_21' title="bbox 244 2743 416 2837; baseline 0 -25"><span class='ocrx_word' id='word_1_135' title='bbox 244 2743 416 2837; x_wconf 81' lang='lat' dir='ltr'><strong>micilium.</strong></span> 
     </span>
    </p>

    <p class='ocr_par' dir='ltr' id='par_1_3' title="bbox 252 2859 1188 3063">
     <span class='ocr_line' id='line_1_22' title="bbox 293 2859 1188 2942; baseline 0.002 -14"><span class='ocrx_word' id='word_1_136' title='bbox 293 2859 483 2942; x_wconf 87' lang='lat' dir='ltr'><strong>Caeterum,</strong></span> <span class='ocrx_word' id='word_1_137' title='bbox 506 2878 588 2942; x_wconf 81' lang='lat' dir='ltr'><strong>quae</strong></span> <span class='ocrx_word' id='word_1_138' title='bbox 604 2875 678 2938; x_wconf 87' lang='lat' dir='ltr'><strong>ante</strong></span> <span class='ocrx_word' id='word_1_139' title='bbox 700 2879 803 2930; x_wconf 86' lang='lat' dir='ltr'><strong>meum</strong></span> <span class='ocrx_word' id='word_1_140' title='bbox 828 2865 860 2934; x_wconf 90' lang='lat' dir='ltr'><strong>in</strong></span> <span class='ocrx_word' id='word_1_141' title='bbox 882 2867 966 2932; x_wconf 89' lang='lat' dir='ltr'><strong>hanc</strong></span> <span class='ocrx_word' id='word_1_142' title='bbox 993 2875 1107 2930; x_wconf 85' lang='lat' dir='ltr'><strong>terram</strong></span> <span class='ocrx_word' id='word_1_143' title='bbox 1126 2863 1188 2930; x_wconf 83' lang='lat' dir='ltr'><strong>ad·</strong></span> 
     </span>
     <span class='ocr_line' id='line_1_23' title="bbox 252 2973 1188 3063; baseline -0.004 -17"><span class='ocrx_word' id='word_1_144' title='bbox 252 2989 386 3046; x_wconf 84' lang='lat' dir='ltr'><strong>ventum</strong></span> <span class='ocrx_word' id='word_1_145' title='bbox 412 2973 545 3044; x_wconf 84' lang='lat' dir='ltr'><strong>fuerunt</strong></span> <span class='ocrx_word' id='word_1_146' title='bbox 569 2975 757 3044; x_wconf 83' lang='lat' dir='ltr'><strong>Ruhnkenii</strong></span> <span class='ocrx_word' id='word_1_147' title='bbox 782 2999 853 3061; x_wconf 90' lang='lat' dir='ltr'><strong>res,</strong></span> <span class='ocrx_word' id='word_1_148' title='bbox 886 2979 945 3048; x_wconf 88' lang='lat' dir='ltr'><strong>has</strong></span> <span class='ocrx_word' id='word_1_149' title='bbox 976 2997 1051 3045; x_wconf 91' lang='lat' dir='ltr'><strong>cum</strong></span> <span class='ocrx_word' id='word_1_150' title='bbox 1069 2995 1111 3044; x_wconf 84' lang='lat' dir='ltr'><strong>ex</strong></span> <span class='ocrx_word' id='word_1_151' title='bbox 1131 2977 1188 3063; x_wconf 83' lang='lat' dir='ltr'><strong>ip-</strong></span> 
     </span>
    </p>

    <p class='ocr_par' dir='ltr' id='par_1_4' title="bbox 212 3089 1195 4004">
     <span class='ocr_line' id='line_1_24' title="bbox 212 3089 1186 3178; baseline 0.003 -21"><span class='ocrx_word' id='word_1_152' title='bbox 212 3163 215 3173; x_wconf 49' lang='lat'><em>,</em></span> <span class='ocrx_word' id='word_1_153' title='bbox 247 3091 342 3171; x_wconf 89' lang='lat' dir='ltr'><strong>sius,</strong></span> <span class='ocrx_word' id='word_1_154' title='bbox 365 3105 434 3168; x_wconf 88' lang='lat' dir='ltr'><strong>tuna</strong></span> <span class='ocrx_word' id='word_1_155' title='bbox 449 3107 487 3158; x_wconf 84' lang='lat' dir='ltr'><strong>ea</strong></span> <span class='ocrx_word' id='word_1_156' title='bbox 504 3089 663 3172; x_wconf 81' lang='lat' dir='ltr'><strong>aliorum,</strong></span> <span class='ocrx_word' id='word_1_157' title='bbox 680 3095 883 3161; x_wconf 89' lang='lat' dir='ltr'><strong>sermonibus</strong></span> <span class='ocrx_word' id='word_1_158' title='bbox 900 3109 1048 3178; x_wconf 84' lang='lat' dir='ltr'><strong>acceptas</strong></span> <span class='ocrx_word' id='word_1_159' title='bbox 1063 3107 1099 3161; x_wconf 89' lang='lat' dir='ltr'><strong>et</strong></span> <span class='ocrx_word' id='word_1_160' title='bbox 1112 3111 1186 3160; x_wconf 85' lang='lat' dir='ltr'><strong>mo·</strong></span> 
     </span>
     <span class='ocr_line' id='line_1_25' title="bbox 244 3187 1185 3292; baseline 0.006 -22"><span class='ocrx_word' id='word_1_161' title='bbox 244 3187 353 3288; x_wconf 71' lang='lat' dir='ltr'><strong>,moria</strong></span> <span class='ocrx_word' id='word_1_162' title='bbox 368 3204 548 3272; x_wconf 84' lang='lat' dir='ltr'><strong>custoditas</strong></span> <span class='ocrx_word' id='word_1_163' title='bbox 567 3207 681 3272; x_wconf 88' lang='lat' dir='ltr'><strong>retuli:</strong></span> <span class='ocrx_word' id='word_1_164' title='bbox 700 3225 783 3290; x_wconf 90' lang='lat' dir='ltr'><strong>quae</strong></span> <span class='ocrx_word' id='word_1_165' title='bbox 799 3221 910 3291; x_wconf 86' lang='lat' dir='ltr'><strong>postea</strong></span> <span class='ocrx_word' id='word_1_166' title='bbox 930 3224 1060 3277; x_wconf 87' lang='lat' dir='ltr'><strong>secutae</strong></span> <span class='ocrx_word' id='word_1_167' title='bbox 1078 3223 1185 3292; x_wconf 88' lang='lat' dir='ltr'><strong>sunt,</strong></span> 
     </span>
     <span class='ocr_line' id='line_1_26' title="bbox 240 3309 1190 3416; baseline -0.007 -23"><span class='ocrx_word' id='word_1_168' title='bbox 240 3339 356 3416; x_wconf 41' lang='lat' dir='ltr'><strong>„earum</strong></span> <span class='ocrx_word' id='word_1_169' title='bbox 372 3319 442 3406; x_wconf 86' lang='lat' dir='ltr'><strong>ipse</strong></span> <span class='ocrx_word' id='word_1_170' title='bbox 457 3321 553 3389; x_wconf 84' lang='lat' dir='ltr'><strong>testis</strong></span> <span class='ocrx_word' id='word_1_171' title='bbox 569 3319 633 3388; x_wconf 82' lang='lat' dir='ltr'><strong>ful.</strong></span> <span class='ocrx_word' id='word_1_172' title='bbox 676 3309 873 3404; x_wconf 83' lang='lat' dir='ltr'><strong>Versabatur</strong></span> <span class='ocrx_word' id='word_1_173' title='bbox 892 3339 971 3390; x_wconf 89' lang='lat' dir='ltr'><strong>tunc</strong></span> <span class='ocrx_word' id='word_1_174' title='bbox 989 3325 1024 3390; x_wconf 93' lang='lat' dir='ltr'><strong>in</strong></span> <span class='ocrx_word' id='word_1_175' title='bbox 1039 3325 1190 3390; x_wconf 86' lang='lat' dir='ltr'><strong>animad.</strong></span> 
     </span>
     <span class='ocr_line' id='line_1_27' title="bbox 239 3435 1188 3528; baseline 0.002 -24"><span class='ocrx_word' id='word_1_176' title='bbox 239 3435 458 3528; x_wconf 73' lang='lat' dir='ltr'><strong>¹uersiombus</strong></span> <span class='ocrx_word' id='word_1_177' title='bbox 475 3437 515 3504; x_wconf 90' lang='lat' dir='ltr'><strong>ad</strong></span> <span class='ocrx_word' id='word_1_178' title='bbox 536 3435 768 3519; x_wconf 84' lang='lat' dir='ltr'><strong>Xenophonteo</strong></span> <span class='ocrx_word' id='word_1_179' title='bbox 791 3437 934 3506; x_wconf 83' lang='lat' dir='ltr'><strong>Socratis</strong></span> <span class='ocrx_word' id='word_1_180' title='bbox 950 3437 1188 3511; x_wconf 87' lang='lat' dir='ltr'><strong>Memorabilia</strong></span> 
     </span>
     <span class='ocr_line' id='line_1_28' title="bbox 239 3548 1195 3640; baseline 0.003 -21"><span class='ocrx_word' id='word_1_181' title='bbox 239 3566 285 3640; x_wconf 28' lang='lat' dir='ltr'><strong>Uet</strong></span> <span class='ocrx_word' id='word_1_182' title='bbox 303 3548 493 3634; x_wconf 88' lang='lat' dir='ltr'><strong>Longinum</strong></span> <span class='ocrx_word' id='word_1_183' title='bbox 512 3553 775 3628; x_wconf 86' lang='lat' dir='ltr'><strong>conscribendis·</strong></span> <span class='ocrx_word' id='word_1_184' title='bbox 801 3553 852 3624; x_wconf 91' lang='lat' dir='ltr'><strong>his</strong></span> <span class='ocrx_word' id='word_1_185' title='bbox 867 3553 1015 3637; x_wconf 86' lang='lat' dir='ltr'><strong>Toupii,</strong></span> <span class='ocrx_word' id='word_1_186' title='bbox 1038 3555 1108 3622; x_wconf 84' lang='lat' dir='ltr'><strong>illis</strong></span> <span class='ocrx_word' id='word_1_187' title='bbox 1124 3557 1195 3624; x_wconf 84' lang='lat' dir='ltr'><strong>Er·</strong></span> 
     </span>
     <span class='ocr_line' id='line_1_29' title="bbox 237 3663 1193 3768; baseline 0.01 -41.137"><span class='ocrx_word' id='word_1_188' title='bbox 237 3663 338 3759; x_wconf 39' lang='lat' dir='ltr'><strong>„pesti</strong></span> <span class='ocrx_word' id='word_1_189' title='bbox 364 3665 399 3729; x_wconf 88' lang='lat' dir='ltr'><strong>in</strong></span> <span class='ocrx_word' id='word_1_190' title='bbox 425 3665 571 3750; x_wconf 88' lang='lat' dir='ltr'><strong>gratiam.</strong></span> <span class='ocrx_word' id='word_1_191' title='bbox 616 3669 722 3750; x_wconf 86' lang='lat' dir='ltr'><strong>lgitur</strong></span> <span class='ocrx_word' id='word_1_192' title='bbox 738 3683 769 3734; x_wconf 84' lang='lat' dir='ltr'><strong>et</strong></span> <span class='ocrx_word' id='word_1_193' title='bbox 785 3687 836 3768; x_wconf 84' lang='lat' dir='ltr'><strong>mu</strong></span> <span class='ocrx_word' id='word_1_194' title='bbox 855 3668 907 3734; x_wconf 90' lang='lat' dir='ltr'><strong>sui</strong></span> <span class='ocrx_word' id='word_1_195' title='bbox 926 3687 1043 3736; x_wconf 87' lang='lat' dir='ltr'><strong>caussa</strong></span> <span class='ocrx_word' id='word_1_196' title='bbox 1063 3668 1193 3736; x_wconf 90' lang='lat' dir='ltr'><strong>hosli·</strong></span> 
     </span>
     <span class='ocr_line' id='line_1_30' title="bbox 244 3775 1193 3884; baseline 0.008 -39.076"><span class='ocrx_word' id='word_1_197' title='bbox 244 3775 334 3884; x_wconf 85' lang='lat' dir='ltr'><strong>bros</strong></span> <span class='ocrx_word' id='word_1_198' title='bbox 351 3779 507 3862; x_wconf 81' lang='lat' dir='ltr'><strong>relegere,</strong></span> <span class='ocrx_word' id='word_1_199' title='bbox 530 3795 562 3858; x_wconf 73' lang='lat' dir='ltr'><strong>et</strong></span> <span class='ocrx_word' id='word_1_200' title='bbox 577 3781 604 3846; x_wconf 89' lang='lat' dir='ltr'><strong>si</strong></span> <span class='ocrx_word' id='word_1_201' title='bbox 624 3783 703 3864; x_wconf 84' lang='lat' dir='ltr'><strong>quid</strong></span> <span class='ocrx_word' id='word_1_202' title='bbox 717 3801 820 3852; x_wconf 86' lang='lat' dir='ltr'><strong>nouae</strong></span> <span class='ocrx_word' id='word_1_203' title='bbox 834 3784 1093 3854; x_wconf 86' lang='lat' dir='ltr'><strong>emendationis</strong></span> <span class='ocrx_word' id='word_1_204' title='bbox 1085 3801 1193 3852; x_wconf 85' lang='lat' dir='ltr'><strong>anter-</strong></span> 
     </span>
     <span class='ocr_line' id='line_1_31' title="bbox 242 3889 1185 4004; baseline -0.011 -25.879"><span class='ocrx_word' id='word_1_205' title='bbox 242 3889 484 3986; x_wconf 77' lang='lat' dir='ltr'><strong>protataonasve</strong></span> <span class='ocrx_word' id='word_1_206' title='bbox 497 3895 715 4004; x_wconf 62' lang='lat' dir='ltr'><strong>peperissem,</strong></span> <span class='ocrx_word' id='word_1_207' title='bbox 737 3917 811 3978; x_wconf 88' lang='lat' dir='ltr'><strong>cum</strong></span> <span class='ocrx_word' id='word_1_208' title='bbox 829 3901 1185 3992; x_wconf 68' lang='lat' dir='ltr'><strong>torneamentum,</strong></span> 
     </span>
    </p>
   </div>
   <div class='ocr_carea' id='block_1_3' title="bbox 231 4031 1193 4120">
    <p class='ocr_par' dir='ltr' id='par_1_5' title="bbox 231 4031 1193 4120">
     <span class='ocr_line' id='line_1_32' title="bbox 231 4031 1193 4120; baseline -0.003 -3"><span class='ocrx_word' id='word_1_209' title='bbox 231 4067 294 4118; x_wconf 76' lang='lat' dir='ltr'><strong>a:</strong></span> <span class='ocrx_word' id='word_1_210' title='bbox 786 4111 790 4120; x_wconf 81' lang='grc'>,</span> <span class='ocrx_word' id='word_1_211' title='bbox 1128 4031 1193 4114; x_wconf 53' lang='lat' dir='ltr'><strong>lu*</strong></span> 
     </span>
    </p>
   </div>
   <div class='ocr_carea' id='block_1_4' title="bbox 0 0 1283 4712">
    <p class='ocr_par' dir='ltr' id='par_1_6' title="bbox 0 0 1283 4712">
     <span class='ocr_line' id='line_1_33' title="bbox 0 0 1283 4712; baseline 0 0"><span class='ocrx_word' id='word_1_212' title='bbox 0 0 1283 4712; x_wconf 95' lang='lat' dir='ltr'><strong> </strong></span> 
     </span>
    </p>
   </div>
  </div>
 </body>
</html>
