2508 4712
255 307 321 396 ns
414 291 1022 380 uttenltuttmttutttt.
1146 305 1208 398 ·,

180 401 185 436 l

258 495 394 578 wana,
414 493 479 564 hoc
496 493 647 579 profectu
661 495 748 577 fuit,
763 513 832 578 quo
847 495 1003 579 collegam
1020 493 1131 558 habuit
1142 505 1174 562 et

260 609 529 678 Hemsterltusiua
548 611 800 692 Ruhnkeuium,
815 627 847 676 et
860 609 1077 676 Ruhnkeuius
1088 609 1177 676 Vale·

259 731 448 798 lentriumt
470 731 526 798 sed
544 731 756 817 magistriam
779 731 942 816 posterius
962 733 1027 800 hoc
1046 749 1176 816 tempus.

259 846 346 914 Natu
364 845 454 929 prius
479 845 609 912 illudet
633 845 729 914 breue
751 849 836 933 luit,
859 865 892 914 et
908 849 942 917 in
960 867 1122 922 extremos
1138 848 1178 914 in·

260 962 340 1030 cidit
359 963 593 1030 tlemsterhusii
609 983 733 1047 annos,
758 985 842 1050 quos
869 981 987 1048 torpor
1000 968 1114 1032 senilis
1131 965 1181 1031 ob·

259 1079 416 1148 scuravit.
471 1077 571 1146 Nunc
605 1074 794 1148 succedebat
830 1079 1039 1148 Valckenarii
1069 1081 1181 1164 vigor,

262 1211 328 1260 non
347 1193 412 1260 nisi
429 1211 550 1277 septem
578 1197 669 1262 aunis
698 1196 894 1266 Ruhnkenio
915 1197 1072 1282 majoris,
1093 1212 1182 1262 aenae

164 1315 168 1320 '
208 1287 214 1298 ⁸
259 1309 325 1378 uisi
347 1311 502 1395 florente,
524 1329 609 1380 certe
634 1327 742 1396 vegeta
766 1328 798 1390 et
821 1315 860 1380 ad
889 1331 987 1380 omne
1011 1313 1182 1380 Literantm

261 1427 519 1511 disciplinaeque
533 1447 651 1495 munus
663 1429 793 1496 cfficacl.
823 1429 869 1494 Et
885 1445 982 1508 vero,
998 1445 1177 1510 quanquam

260 1545 337 1612 haec
359 1543 531 1614 Academia
547 1545 621 1612 inde
636 1545 701 1612 iere
717 1545 755 1614 ab
775 1543 880 1628 ipsius
899 1543 1098 1616 incunabulis
1113 1559 1177 1606 una

259 1640 402 1728 omniurn
428 1661 666 1730 Academiarum
689 1661 824 1728 maxime
844 1661 997 1744 antiquae
1013 1655 1178 1726 venustatis

260 1791 298 1847 tc
317 1773 496 1842 Litetaruut
516 1775 611 1845 alttit
626 1791 657 1855 et
675 1774 740 1842 fuit
758 1791 789 1843 et
805 1773 912 1842 habita
928 1795 998 1856 est,
1020 1776 1181 1842 maximos·

265 1889 380 1972 quein
403 1911 441 1958 en
464 1909 576 1974 genere
600 1890 712 1957 habuit
731 1892 867 1972 heroes,
888 1889 1069 1971 Lipsium,
1092 1887 1182 1978 §cali-

260 2021 390 2090 geruot‚
413 2004 627 2086 salmasium,
654 2005 881 2086 Gronovium,
896 2003 1124 2084 Perizonium;
1139 2017 1181 2066 ta·

258 2141 331 2189 men
360 2131 533 2206 numquam
552 2136 661 2189 tantos
689 2122 724 2188 in
750 2135 886 2203 utraque
912 2120 1016 2186 simul
1044 2119 1181 2186 cathdra

257 2236 409 2304 ductores
437 2237 573 2318 habuits
597 2257 681 2321 quos
707 2255 774 2311 nou
800 2253 910 2304 vereor
928 2237 1063 2317 dicere,
1086 2232 1182 2302 motta

261 2351 354 2430 quasi
372 2352 594 2424 aestimatione
612 2353 753 2438 ingenii,
768 2350 953 2430 doctrinae,
970 2353 1108 2435 copiae,
1127 2351 1181 2416 de·

260 2465 406 2550 gantiae,
440 2466 621 2548 acuminis,
654 2483 685 2534 et
712 2470 881 2537 universae
899 2468 1085 2535 Literarum
1102 2465 1181 2532 criti·

260 2599 380 2663 uaeque
403 2581 591 2665 facultatis,
616 2585 786 2650 subductis
814 2585 1020 2664 rationibus,
1044 2584 1181 2665 famaque

258 2698 361 2765 totius
387 2698 490 2765 laudis
516 2717 665 2781 sumana,
695 2699 763 2767 illis
787 2700 942 2768 heroibus
972 2703 1070 2768 nullo
1096 2700 1182 2768 modu

261 2814 528 2902 postponendus,
550 2813 647 2882 immo
662 2815 830 2884 nonnullis
850 2815 1045 2884 nominibus
1060 2831 1184 2900 antepo-

263 2937 388 3002 nendos
403 2953 485 3002 esse.
525 2933 588 3001 Sed
604 2935 790 3002 Ruhnkeuii
804 2935 1079 3017 Valckenariique
1091 2937 1125 3002 in
1137 2953 1186 3019 pt·

264 3051 291 3118 ri
310 3049 376 3118 lete
391 3051 485 3118 laude
501 3052 611 3136 dispar
635 3051 700 3120 fuit
726 3056 823 3124 ratio.
865 3052 1013 3122 Profecti
1029 3073 1065 3120 ex
1080 3056 1186 3118 eadem

262 3167 500 3236 Hemsterhusii
527 3168 723 3254 disciplina,
754 3171 809 3236 hic
836 3171 871 3237 io
899 3187 968 3237 eam
998 3185 1120 3238 venerat
1142 3166 1186 3234 ab

261 3281 477 3354 Orientalium
494 3300 526 3351 et
540 3305 697 3356 sacrarum
716 3287 820 3354 initiis
836 3286 1017 3354 Literarum
1036 3283 1187 3356 eScltul·

266 3403 365 3470 tensii
380 3417 412 3470 et
427 3401 585 3470 Venemae
602 3403 827 3474 institutiones
847 3403 903 3471 itte
921 3405 941 3470 ὲ
955 3403 1116 3472 Romanis
1131 3403 1187 3476 ta·-

267 3519 366 3601 teris‚
388 3521 567 3602 Historiis,
586 3521 863 3606 jurisprudentia,
887 3525 905 3590 ἐ
935 3521 1058 3590 Ritteri
1075 3522 1186 3608 Berge·

263 3637 356 3717 rique
373 3640 496 3709 schola.
546 3639 584 3706 In
602 3639 736 3706 Graecis
755 3637 875 3707 Literis
892 3639 978 3704 haud
993 3637 1093 3706 facile
1106 3639 1187 3706 dixe-

264 3753 313 3824 ris
331 3755 410 3832 quid
428 3759 517 3838 alteri
534 3757 670 3826 defuerit
687 3757 773 3839 quod
797 3757 887 3826 elteri
910 3758 1056 3824 adesset:
1078 3771 1113 3824 et
1129 3769 1188 3828 etet

264 3879 370 3948 tamen
380 3871 468 3952 quud
475 3873 554 3948 alter
561 3875 661 3947 altero
676 3871 779 3958 magis
792 3885 973 3942 tractasset.
997 3871 1148 3956 Uterque
1160 3885 1188 3939 et

1125 3989 1191 4064 ss·
