2562 4708
250 287 320 376 33⁶
378 327 382 335 ι
410 275 669 356 PRAEFATIO
685 283 880 364 sx-rttrar.
902 283 1024 372 anth.

257 477 407 567 quentiae
422 475 539 562 gradus
555 483 836 578 cognoscerentur.
872 480 1079 573 Utilissima,
1102 503 1185 576 pros

254 598 368 677 fecto,
389 593 558 678 cogniti03
591 594 646 660 sed
670 595 750 662 viria
775 597 829 664 ilit
855 600 957 684 magis
986 618 1059 689 apta
1081 625 1184 690 quarn

252 707 534 780 eddesceotlbust
550 725 695 790 -qttotutn
720 726 860 780 recentes
877 729 911 780 et
931 717 1046 804 integri
1063 741 1185 794 sensns

251 844 361 912 meque
376 823 512 893 exerceri
526 821 684 892 continuo
702 841 842 908 possunt
857 830 897 894 ad
915 830 999 898 illato
1020 842 1181 910 notsndto

251 940 418 1011 varietatis
428 938 635 1018 facultatem,
651 953 684 1004 et
698 941 830 1022 optimis
849 942 1180 1020 imbuendinuttien·

253 1057 353 1140 dique
366 1067 444 1122 sunt
460 1051 634 1136 exemplis,
657 1069 675 1116 t
692 1055 799 1136 pravis
816 1056 1005 1140 longissime
1025 1067 1177 1150 arcendi,

251 1192 295 1244 ne
309 1173 375 1255 qud
389 1168 476 1237 forte
490 1169 563 1234 lube
577 1167 766 1237 afficiantur.
808 1171 889 1254 Sed,
908 1175 1037 1259 inquit,
1054 1182 1182 1266 aliquid

248 1303 357 1358 tomen
378 1284 584 1366 ex'tcliquiis
597 1282 825 1370 Theopompi,
843 1289 989 1376 Timaei,
1003 1310 1034 1362 et
1052 1297 1109 1366 illa
1126 1320 1182 1370 ae·

249 1419 338 1484 rste,
356 1415 411 1470 aut
427 1411 511 1466 certe
526 1415 566 1466 etr
581 1417 679 1483 opere
691 1399 843 1488 Dionysii
861 1406 1178 1502 Halicarnassensis,

250 1517 480 1591 'assumendum
499 1527 579 1583 erat.
617 1515 723 1600 Atqui
741 1519 775 1585 in
794 1520 845 1588 his
864 1539 919 1590 aut
936 1526 999 1592 loci
1014 1533 1177 1602 nouitio.

250 1649 334 1704 sttca
349 1643 495 1712 exstant3
521 1643 578 1696 sut
593 1645 679 1696 certe
693 1632 787 1700 coiot
804 1635 1000 1732 habitusque
1014 1661 1081 1710 non
1096 1646 1180 1724 item

248 1754 334 1820 inest
357 1746 536 1828 antiquus,
565 1746 718 1832 nativus,
748 1748 893 1837 integer,
922 1774 1019 1840 quem
1043 1761 1175 1843 quidem

247 1867 297 1934 in.
310 1861 500 1944 Herodoto,
521 1857 739 1946 Thucydide,
759 1864 988 1953 Xenophonte.
1040 1875 1094 1945 Ex
1119 1876 1177 1946 hia

246 1983 371 2068 igitur,
384 1993 421 2046 ut
435 1993 467 2044 ct
479 1977 628 2046 classicis
641 1994 672 2048 et
686 1980 848 2062 palmariis
861 1985 1083 2074 Auctoribus,
1099 1994 1179 2078 piu-

248 2101 328 2166 rima
344 2093 460 2178 delegi.
504 2093 634 2178 Polyhii
649 2094 803 2166 rationem
820 2098 939 2184 hebui,
956 2119 993 2170 nt
1009 2123 1094 2176 cette
1105 2111 1179 2196 jour

246 2212 345 2282 nobis
371 2211 407 2278 in
433 2207 581 2276 classicis
601 2214 774 2296 censendi,
799 2216 865 2282 nisi
883 2220 1048 2307 oratione,
1061 2239 1102 2292 st
1123 2245 1177 2294 rat-2

245 2332 336 2400 tione
353 2341 385 2394 ct
402 2326 605 2396 auctoritate.
650 2326 700 2396 De
722 2329 896 2403 Plutarcho
920 2336 1058 2420 denique
1073 2358 1174 2410 nemo

245 2447 418 2533 quisquan
437 2445 565 2544 dubitat
580 2449 663 2532 quin
680 2449 709 2516 is
726 2451 792 2532 sit,
813 2455 854 2520 cd
877 2457 972 2540 cujus
995 2459 1178 2530 lectionem

243 2572 462 2650 adolescentes
491 2582 523 2634 et
550 2571 696 2636 accedere
726 2584 848 2639 msture
875 2575 1015 2642 debcant
1034 2593 1174 2663 ptoptet·

174 2714 179 2721 ·
242 2687 437 2772 singularem
461 2683 626 2752 doetrinne
653 2683 823 2769 fructum,
853 2701 886 2754 et
910 2690 1080 2776 adjuvandi
1102 2693 1177 2766 sint

241 2817 376 2892 propter
394 2819 498 2869 retttm
526 2800 748 2886 orationisque
774 2803 1003 2878 difficultatem.
1047 2809 1109 2880 Soti
1127 2813 1173 2882 dc

241 2915 380 3003 singulis
402 2915 551 2998 deinceps
578 2914 760 2985 dicmtdum.

273 3033 384 3103 Primo
397 3031 494 3100 nobis
508 3033 583 3098 loco
599 3044 652 3100 est
669 3052 949 3119 sennonteus,
960 3040 1032 3123 iure
1043 3055 1173 3122 cogno·

238 3151 384 3222 minatus
398 3161 487 3233 patet
503 3148 688 3233 Historiae,
713 3153 838 3238 qnippe
863 3171 961 3237 quom
983 3155 1107 3238 primus
1131 3172 1172 3226 ec

238 3269 420 3337 nniversam
436 3267 625 3350 complexus
643 3283 717 3349 est,
737 3285 769 3336 et
788 3271 915 3340 dicoodi
931 3271 1087 3340 facultate
1114 3293 1171 3343 or.

239 3386 345 3478 navit:
366 3385 401 3452 in
419 3402 512 3466 quern
530 3386 626 3466 plane
642 3387 794 3453 convenit
810 3387 865 3455 iiia
883 3389 969 3472 apud
987 3388 1167 3480 Homerum

237 3502 392 3574 Nestoris
415 3503 507 3581 laus,
529 3507 595 3568 Τοῦ
619 3505 672 3570 cal
696 3507 759 3574 rial
783 3507 1068 3589 ausonianas
1084 3528 1168 3592 ato-⁴

240 3625 312 3694 aitte
325 3622 388 3709 dita
406 3620 497 3698 aditi.
529 3615 685 3686 Narratur
708 3621 837 3704 dulcis,
859 3623 961 3705 ienis,
983 3627 1165 3713 cmdidus,

239 3755 279 3812 ttt
297 3737 364 3806 iere
378 3753 483 3804 senem
503 3735 608 3802 videre
624 3735 790 3804 videamur
806 3755 881 3822 post
898 3742 1092 3828 longinquos
1105 3763 1167 3828 po-

233 3855 462 3942 regriaationes
478 3851 566 3922 domi
583 3853 752 3938 reducem,
770 3853 804 3924 itt
822 3856 908 3948 solio
922 3859 1103 3938 sedentem,
1121 3856 1169 3924 li·

1084 3970 1165 4046 ben.
