2438 4718
214 403 218 412 .
299 297 361 379 428
477 295 733 378 PRAEFATIO
757 331 805 381 nx
825 313 1031 389 EDITIONE

301 501 395 565 quam
415 500 522 571 voco,
554 503 604 554 est
619 491 854 575 Stephanianae
874 501 1045 574 Editionis:
1063 509 1162 594 tdtjtr·

301 621 365 686 que
382 615 569 673 contextum
585 607 768 679 referuntur
779 634 904 686 nostrae
918 621 1025 691 Notae.
1063 624 1163 690 licent

296 719 420 787 Aldino
449 721 578 788 adhoc
607 724 894 818 negotioruxlonge
921 737 1159 803 accommodatior:

299 833 440 918 quippe,
460 851 497 902 ut
514 839 615 926 magis
628 845 813 914 emendatus
828 865 921 932 quam
937 867 1099 920 caeterarum
1110 853 1162 918 lidi·

298 951 424 1016 tionum
445 966 645 1037 contextus,
674 959 841 1029 maximam
867 967 1078 1052 plurimamque
1094 971 1180 1033 nott-³

296 1065 422 1134 tiouunt
448 1084 568 1152 partem
596 1091 809 1160 occupaverat
827 1100 991 1168 earumque
1013 1086 1160 1154 notationem

296 1199 561 1266 supervacaneam
578 1189 766 1262 reddiderat.
809 1196 970 1280 Aldinus,
984 1213 1014 1264 ot
1027 1197 1163 1264 mendosis·

295 1304 420 1384 simus,
434 1303 620 1386 postulabat
631 1307 914 1380 innumerabilium
931 1315 1107 1380 mutationum
1121 1331 1163 1377 no·

296 1418 475 1500 tationem,
499 1436 582 1501 quae
600 1433 697 1488 totam
723 1424 874 1510 paginam
898 1429 1017 1512 repleret
1032 1445 1059 1492 ac
1072 1441 1163 1508 perpe·

294 1554 351 1604 tua
373 1535 530 1603 variarum
548 1537 723 1607 lectionum
740 1558 846 1628 segete
864 1548 1013 1614 horridam
1025 1562 1049 1612 et
1060 1541 1162 1626 legenti·

293 1653 357 1720 bus
375 1657 541 1748 molestarn
559 1654 687 1728 faceret.
731 1658 924 1746 Caeterum,
947 1665 978 1731 ln
995 1656 1161 1744 Steplruimo
1179 1701 1180 1744 p

299 1783 456 1838 contextu
482 1789 549 1837 non
576 1772 682 1838 solum
707 1777 827 1844 attendi
846 1780 888 1846 ad
911 1781 999 1848 locos
1014 1787 1163 1857 corruptor,

296 1888 354 1956 sed
377 1905 433 1953 eos
453 1884 544 1952 etiarn
566 1887 624 1969 qui
640 1887 710 1954 sani
729 1889 935 1978 viderentur;
957 1886 1161 1977 quandoquidem

294 2003 330 2072 in
350 2022 388 2069 eo
402 2003 551 2088 permulti
563 2021 640 2071 sunt
655 2005 721 2074 loci
736 2009 775 2073 ad
790 2011 930 2094 speciem
948 2013 1012 2078 stul
1026 2023 1053 2074 et
1065 2001 1162 2086 intui,

294 2119 352 2188 sed
365 2117 409 2184 ita
424 2116 615 2201 constituti,
630 2134 669 2186 ut
685 2121 797 2204 potius
816 2143 897 2192 sert
908 2145 928 2193 a
940 2145 992 2194 raa
1003 2140 1044 2190 ur
1057 2117 1163 2186 aliorum·
1179 2211 1180 2222 ἵ

291 2249 356 2315 que
373 2245 614 2314 correctorum,
638 2253 734 2316 quarn
748 2237 936 2323 Plutarchi,
957 2233 1163 2322 seriptunlegt·

289 2365 358 2416 tur.
402 2349 602 2435 Huiusmodi
619 2371 669 2420 me
685 2357 749 2423 loci
764 2358 849 2452 nulli
869 2361 1000 2428 ornnlno
1017 2359 1107 2443 fugere
1122 2369 1161 2436 po·
1179 2357 1180 2440 l

253 2539 257 2546 ,
288 2484 444 2548 tucrum,
467 2487 567 2550 quum
591 2469 837 2555 Stephanionem
856 2479 1033 2546 Editionem
1053 2491 1112 2543 eun
1126 2467 1163 2533 dl·

290 2585 366 2654 dina
390 2575 552 2666 aliisq'ue,
574 2597 605 2650 et
623 2605 700 2653 voro
726 2587 875 2668 plurimis
893 2593 1052 2662 codicibus
1067 2583 1161 2668 senui

283 2701 493 2774 'contulerint
537 2701 653 2786 Neque
674 2723 751 2772 vero
775 2707 927 2778 minimas
958 2727 1059 2779 omues
1073 2701 1167 2772 renen·

289 2837 363 2904 tes,
386 2819 508 2904 quibus
526 2819 565 2886 ab
581 2823 700 2891 Aldina
716 2827 848 2894 recessit
863 2829 1082 2917 stephaniam,
1098 2831 1180 2934 nouat

287 2945 335 3011 vi.
380 2941 496 3025 Neque
517 2941 609 3009 etiam
638 2945 700 3012 hoc
720 2965 850 3016 neeesse
872 2953 988 3021 eratin
1009 2952 1043 3019 iit
1058 2935 1180 3030 quasin}

285 3053 497 3140 probabiliter
507 3053 640 3126 fecisset
657 3078 738 3126 sun
750 3081 768 3128 n
779 3084 835 3132 rra
846 3086 870 3131 ru
881 3087 905 3134 u
915 3089 955 3151 s,
970 3082 1005 3134 ut
1016 3063 1163 3132 mellosum
1179 3069 1180 3160 J

288 3171 423 3256 tiusque
447 3192 508 3258 ego
527 3173 574 3240 nil
591 3175 761 3261 haberem,
784 3198 924 3268 eumque
945 3183 1032 3269 sequi
1044 3178 1159 3249 deberem·

286 3291 334 3358 At
348 3289 459 3358 notavi
477 3289 670 3374 insigniores
687 3312 820 3379 omnes,
843 3313 874 3364 et
890 3319 944 3366 eas
959 3295 1099 3382 inprimis
1110 3302 1160 3372 qut

288 3403 463 3476 nonsatis
484 3409 606 3476 firmam
628 3411 848 3482 auctoritatem
867 3417 1033 3496 haberent,
1052 3419 1180 3496 quartu-t

285 3541 351 3606 que
367 3526 493 3592 uotatlo
514 3525 602 3610 ⁸viam
620 3525 825 3595 inveniendae
842 3551 938 3598 verae
953 3527 1088 3596 lectionis
1105 3519 1180 3603 pato

283 3637 389 3707 lacere
405 3641 578 3710 uideretur.
624 3643 766 3712 Omnino
790 3648 882 3715 locos
902 3666 919 3714 a
940 3651 1160 3716 sentuoso,

282 3749 403 3817 incerta
434 3755 511 3823 licet
537 3757 752 3844 auctoritate,
782 3775 888 3828 tamen
916 3765 956 3830 ad
977 3753 1162 3828 oratioueuel

284 3867 474 3948 timentium
488 3874 704 3962 probabiliter
720 3895 903 3966 correctos,
925 3879 980 3948 ubi
996 3877 1051 3946 mei
1071 3863 1162 3938 codicel
1179 3863 1180 3866 ’

1133 3969 1165 4050 ui
1179 3993 1180 4060 ξ
