2572 4710
10 325 14 334 .
129 349 136 370 .
217 215 320 349 m
365 246 544 325 onamo
564 245 627 322 os
647 243 823 324 uranos.
845 233 1057 331 unuonr.

249 451 332 519 triae
346 445 476 528 Patres,
498 458 600 526 quum
620 451 698 524 post
714 417 976 526 Hemsterhusll,
998 444 1119 512 summi
1136 443 1200 514 vi-

251 566 305 649 ri,
331 549 521 640 decessum,
551 557 653 642 longo
681 555 849 623 intervallo
876 557 1006 627 eandem
1036 559 1199 646 discipli-

251 693 327 747 nam
352 677 386 744 in
410 675 563 744 Vestrum
586 674 788 740 Athenaeum
818 673 1068 759 revocaveritis,
1091 678 1199 762 eique

254 813 305 864 rue
325 790 566 882 praefeceritis,
588 787 687 856 variis
713 787 860 873 undique
881 791 1047 859 sollicitor
1063 797 1193 875 .curis;

252 911 324 984 siue
339 909 488 977 Vestram
512 921 655 990 spectem
678 907 928 991 auctoritatem,
949 909 1021 976 siue
1038 909 1195 995 discipli-

253 1046 314 1100 uae
339 1027 550 1114 gravitatem,
574 1023 644 1092 sive
664 1043 763 1092 meam
788 1026 988 1094 tenuitatem.
1032 1025 1196 1112 Magnam

220 1196 224 1208 .
252 1165 287 1220 et
315 1167 443 1231 semper
474 1145 611 1230 habuit,
643 1160 676 1212 et
704 1145 865 1231 hodieque
891 1147 1009 1234 habet,
1049 1151 1197 1218 Senatus

253 1263 564 1338 Amstelodaurensis
600 1261 734 1328 virtutis
770 1263 1014 1348 sapientiaeque
1047 1263 1195 1333 famam:

252 1395 373 1462 neque*
386 1395 453 1445 eam
481 1373 644 1442 Foederati
661 1373 764 1459 Belgii
785 1373 905 1445 finibus
929 1377 1104 1462 inclusam,
1131 1393 1196 1448 aut

254 1495 410 1578 Europae
423 1490 571 1560 terminis
592 1489 902 1575 circumscriptam,
926 1493 980 1560 sed
1002 1513 1061 1579 per
1079 1510 1193 1566 totum

254 1623 409 1678 terrarum
437 1607 547 1688 orbem
570 1605 668 1694 longe
696 1609 823 1692 lateque
846 1607 1012 1680 diffusam.
1054 1613 1193 1702 Quare,

254 1723 378 1792 Patriae
400 1723 531 1805 Patres,
554 1721 584 1789 si
601 1739 830 1806 quamcunque
854 1725 949 1793 aliam
967 1727 1050 1796 mihi
1066 1731 1198 1796 deman·

256 1841 394 1910 dassetis
420 1841 644 1927 provinciam,
668 1844 803 1911 debebat
827 1863 864 1912 eu
887 1847 966 1914 milri
989 1851 1098 1933 gravis
1120 1869 1199 1920 san·

255 1971 376 2040 ctaque
407 1975 478 2024 esse
513 1956 624 2025 Vestri
664 1959 780 2046 judicii
822 1963 1027 2030 auctoritate.
1089 1965 1195 2032 Nunc

255 2071 339 2143 milri
370 2071 576 2156 disciplinam
613 2073 794 2142 tradidistis·
825 2075 1079 2162 Philosophiae,
1113 2099 1197 2162 quae

258 2213 310 2272 est
333 2194 478 2264 veritatis
495 2195 697 2280 virtutisque
712 2195 887 2279 magistra,
909 2196 944 2264 in
959 2201 1054 2285 cujus
1074 2201 1198 2268 sancti-

258 2335 327 2392 tate
341 2331 373 2383 et
398 2311 631 2398 magnitudine,
646 2315 891 2386 commentanda
913 2313 995 2380 hanc
1012 2313 1117 2398 ipsam
1135 2316 1197 2380 bo-

256 2455 325 2508 ram
358 2429 614 2502 consumsimus.
666 2427 826 2511 Equidem
861 2448 935 2496 cum
969 2447 1036 2497 non
1065 2427 1195 2512 possim

257 2553 357 2626 officii
375 2547 436 2616 mei
455 2545 664 2632 religionem,
686 2559 725 2612 ut
743 2547 850 2614 animo
875 2544 1042 2631 percipio,
1057 2545 1109 2612 ita
1126 2565 1197 2612 ora-

256 2673 352 2740 tione
376 2667 482 2736 Vobis
509 2667 689 2751 explicare,
712 2683 847 2740 mentem
876 2685 976 2734 meum
1006 2667 1059 2734 his
1084 2668 1197 2754 paucis

268 2786 379 2856 uerbis
399 2784 611 2868 complectare
657 2783 705 2850 Ita
728 2784 827 2868 mihi,
849 2783 968 2851 adhoc
988 2804 1107 2852 munus
1123 2785 1218 2852 obe·'

258 2901 386 2970 undum
417 2900 502 2965 vires
529 2899 683 2984 largiatur
704 2899 794 2967 Deus
822 2900 979 2984 Optimus
1009 2901 1197 2984 Maximus,

256 3019 312 3088 ut'
329 3035 402 3086 eum
421 3014 513 3082 enixe
539 3033 623 3098 oro,
645 3013 726 3081 velit
752 3013 845 3102 Vos,
868 3015 990 3082 Patriae
1007 3017 1139 3095 Patres,
1161 3015 1199 3080 in

260 3139 363 3226 hujus
385 3137 527 3204 civitatis
555 3150 586 3202 et
610 3135 795 3202 communis
821 3137 946 3203 Patriae
963 3137 1096 3204 salutem
1124 3130 1194 3196 diu-

261 3255 390 3323 tissime
412 3273 536 3322 servare
557 3253 755 3320 incolumes!
784 3236 788 3242 ’

289 3371 413 3449 ¹Vobis
442 3390 539 3454 vero,
571 3369 752 3438 Clarlssimi
780 3369 875 3453 Viri,
907 3389 991 3452 quos
1018 3385 1106 3434 nunc
1133 3365 1196 3452 pri·

264 3461 352 3554 mum
381 3483 533 3569 Collegas
557 3486 689 3566 saluto,
723 3485 844 3568 quibus
875 3484 983 3552 verbis
1008 3483 1106 3551 animi
1135 3484 1194 3550 mei

265 3613 383 3670 sensus
409 3599 616 3686 significetui
660 3601 791 3668 Dudum
820 3616 871 3668 est
894 3601 985 3684 quod
1008 3603 1125 3668 Vestra
1147 3619 1196 3670 me

275 3715 423 3788 doctrina
449 3715 632 3802 Vestraque
653 3717 756 3785 vimus
781 3719 821 3784 ad
841 3717 913 3785 Vos
941 3715 1097 3788 colendos
1121 3731 1195 3778 con·

636 3839 638 3844 ’
1127 3841 1191 3893 ser·
