2562 4708
239 313 310 384 sot
373 293 548 364 orario
568 294 629 364 nn
654 291 699 366 m
719 295 784 366 nr
803 295 1042 370 arneson

244 499 297 554 cta
314 485 531 570 promtiores,
554 483 611 550 sed
634 483 726 552 etiam
750 485 790 550 ad
813 483 1008 554 calamitates
1033 485 1193 563 tolerem·

241 603 299 678 dns
331 604 507 691 fortiores,
538 608 657 675 reddet.
709 607 809 695 Quod
841 609 870 676 si
901 612 987 678 enim
1025 633 1176 687 amantes·
1216 613 1220 622 '

240 738 474 807 nonnunquam
496 722 531 790 in
547 725 660 790 amatis
682 743 859 808 corporum
886 743 1007 798 naevos
1035 729 1173 800 libenter

237 837 370 920 ferunt,
408 839 515 920 iisque
547 839 769 923 delectantur3
812 840 986 925 profecto,
1023 843 1166 914 Virtutis

237 969 378 1034 amator,
401 955 429 1018 si
449 953 529 1035 quid
547 966 598 1020 est
614 954 649 1021 in
668 951 810 1022 Virtutis
826 955 992 1048 Exemplo
1009 961 1161 1042 molesti,

236 1071 307 1138 ime·
326 1088 393 1138 non
428 1069 631 1153 extimescet,
662 1074 717 1140 sed
742 1071 817 1156 ipso
846 1075 965 1142 amoris
991 1077 1103 1145 ardore
1131 1095 1166 1150 et

129 1161 136 1174 ⁸
235 1182 424 1252 imitationis
441 1185 562 1266 impetu
582 1186 777 1269 provehetur
794 1189 974 1259 adlabores
992 1195 1086 1263 etiam
1103 1185 1166 1263 do·

235 1301 387 1381 doresque
410 1299 665 1382 amplectendos.
708 1303 821 1386 Itaque
846 1325 905 1374 nec
931 1309 1060 1376 exitium
1086 1311 1164 1382 Ari·
1215 1374 1220 1382 .

232 1418 352 1501 aridis,
376 1435 434 1484 nec
455 1416 585 1484 vincula
606 1421 838 1506 Anaxagorae,
861 1441 918 1490 nec
935 1444 1156 1510 paupertatem

231 1535 400 1616 Socratis,
423 1552 481 1600 nec
502 1535 801 1604 condemnationem
828 1539 1024 1624 Phocionis,
1045 1541 1156 1612 ,reior-

228 1648 385 1718 anidahitr
406 1649 506 1716 immo
533 1651 590 1718 has
613 1669 746 1735 quoque
763 1656 981 1742 calamitates,
1002 1676 1044 1726 ne
1058 1660 1156 1728 dissi·

227 1767 402 1837 miiis‘fiat
425 1767 494 1833 iliis
521 1767 627 1851 viris,
656 1787 724 1837 non
749 1775 846 1839 modo
878 1791 946 1840 non
971 1773 1155 1863 recusabit,

226 1885 305 1965 s'ed,
328 1882 356 1950 si
371 1901 457 1965 opus
473 1881 534 1963 sit,
557 1880 636 1950 forti
658 1883 765 1950 animo
786 1886 957 1970 suscipiet.

267 2002 568 2070 Animadvertamus
591 2001 707 2083 etiam,
736 2019 832 2085 quam
858 2003 904 2070 sit
926 2004 1025 2074 simui
1049 2021 1081 2074 et
1102 2011 1148 2077 le-

221 2119 275 2192 nis
289 2134 321 2186 et
339 2117 446 2186 efficax
463 2115 626 2182 Historiae
651 2118 842 2187 admonitio.
888 2119 926 2188 in
942 2123 1065 2190 nostris
1082 2123 1148 2209 ipsi

178 2221 183 2228 ’
218 2237 309 2307 uitiis
332 2234 550 2316 caecntimus,
572 2233 607 2300 in
622 2235 735 2303 alienis
762 2251 854 2304 acute
879 2239 1060 2308 cernimus:
1086 2242 1146 2324 qui

213 2367 328 2438 ,aperte
353 2371 414 2420 nos
438 2371 474 2418 ac
500 2351 621 2420 directo
639 2356 895 2439 reprehendunt,
918 2357 952 2425 in
977 2357 1017 2426 iis
1042 2359 1145 2426 offen·

218 2470 328 2540 dimur
350 2470 498 2554 saepius:
530 2471 564 2537 in
590 2469 660 2536 aliis
689 2471 843 2556 mugiret
868 2473 982 2557 integri
1003 2472 1141 2542 attendi-

216 2607 310 2670 mus,
341 2590 370 2654 si
397 2587 475 2669 quid
498 2585 717 2669 delinquitur,
747 2587 902 2669 tacitique
922 2587 962 2653 ad
988 2588 1140 2672 nosipsi

213 2703 407 2788 respicimus
439 2719 470 2769 et
500 2704 604 2770 nostri
628 2703 699 2770 uitii
721 2702 964 2772 similitudinem
988 2701 1139 2788 agnosci,

212 2841 301 2890 mus.
346 2819 529 2903 Corporum
552 2839 587 2886 et
609 2832 660 2884 est
677 2821 748 2899 lex,
773 2832 809 2885 ut
833 2839 899 2902 quo
917 2820 1135 2887 vehementius

208 2938 454 3025 percutiantur,
483 2953 523 3003 eo
553 2934 772 3003 vehementius
804 2935 967 3004 resistant.
1020 2934 1134 3002 Nimbi

209 3067 282 3120 cnm
301 3051 424 3135 impetu
443 3049 605 3116 interram
624 3050 808 3134 ingruentes
828 3051 955 3118 haerent
973 3051 1006 3118 in
1021 3067 1131 3132 super·

207 3172 281 3240 ficie
296 3191 333 3240 ac
352 3171 509 3238 defluunt.
552 3166 665 3234 Pluvia
688 3168 806 3234 sensim
830 3187 867 3235 ac
885 3168 997 3235 leniter
1012 3168 1130 3236 cadens

202 3289 360 3372 recipitur
379 3305 478 3354 terrae
505 3285 662 3370 grammio,
684 3301 716 3350 et
740 3285 781 3350 ad
803 3285 980 3366 piratarum
1008 3282 1131 3356 radices

203 3415 380 3488 permanat.
425 3401 612 3468 liadem‘iex
627 3399 713 3466 ualet
738 3399 773 3466 in
798 3401 975 3465 animorum
996 3401 1126 3478 natura,

201 3521 287 3588 Stant
308 3519 407 3586 animi
430 3517 573 3602 generosi
595 3531 626 3582 et
651 3516 817 3582 Virtutum
835 3515 1015 3584 seminibus
1035 3537 1127 3602 prae·

199 3607 280 3717 diti,
302 3635 358 3718 qui
383 3634 448 3700 vim
468 3631 648 3714 repellant,
665 3629 787 3694 lenitati
807 3644 953 3712 pateantr
980 3611 1122 3714 quorum

201 3754 230 3822 si
249 3758 369 3837 rereghs
389 3765 519 3832 peccata
536 3761 567 3814 et
584 3747 755 3827 ostendas,
778 3763 844 3812 non
869 3746 1016 3815 meliores
1040 3735 1123 3828 eos',

199 3873 255 3942 sed
276 3869 402 3964 pejores
428 3866 560 3938 renuat
586 3864 646 3953 qui
669 3881 729 3932 sua
746 3862 811 3954 ipsi
831 3879 961 3954 peccata
983 3861 1123 3944 corrige-

1062 3995 1119 4066 re,
