2508 4712
207 303 349 387 utra
385 301 433 379 n.
472 297 811 380 nonnarum
910 296 986 395 tra
1089 407 1093 416 .

48 503 273 594 opusculum,
294 517 337 567 ex
365 513 461 580 opere
485 493 616 563 Graeco
637 497 726 562 nunc
747 492 874 576 perdito
894 495 982 568 Gor·

46 622 138 711 gire,
159 617 230 703 ejus
254 629 351 696 quem
374 609 428 678 M.
448 609 571 677 cicero
598 609 689 674 lilius
704 607 896 691 magistrum
911 613 1002 686 elo·⁴

45 738 200 829 quentiae
223 733 357 814 habuit,
378 728 497 798 Latine
527 745 656 794 versum
675 725 741 793 fere
758 727 980 812 negligebatur

41 860 153 927 adhuc
187 854 228 921 ab
257 849 459 917 hominibus,
473 845 607 925 doctis,
638 842 789 927 quamvis
820 841 983 910 laudatmu

40 974 132 1045 illud
159 970 299 1040 subinde
325 969 343 1034 a
371 963 620 1054 Quinctilium,
651 979 690 1029 ac
724 959 926 1045 probandum
953 965 985 1028 et

42 1087 207 1162 orationis
224 1085 369 1153 bonitate
393 1097 425 1148 et
442 1093 687 1166 praeceptorum
698 1077 896 1163 diligentia,
913 1082 985 1148 tum

42 1223 127 1274 vero
153 1183 260 1286 magni
287 1198 520 1266 aestimandum
551 1195 733 1278 frequentia
764 1197 987 1278 exemplorum

43 1319 168 1388 Latine
184 1311 381 1384 redditorum
400 1309 418 1379 e
438 1309 574 1378 Graecis
600 1307 816 1391 Oratoribus,
839 1327 906 1374 non
931 1309 986 1376 soi
1092 1297 1111 1341 :„

42 1443 117 1510 lum
143 1435 387 1514 Demosthene,
420 1429 551 1516 Lysia,
584 1429 768 1514 Hyperide,
790 1427 984 1514 Dinarcho,
1082 1521 1085 1528 .

39 1555 225 1640 Lycurgo,
248 1565 332 1631 quos
348 1561 469 1614 veteres
486 1543 702 1612 Grammatici
719 1545 751 1612 in
771 1547 879 1612 decern
899 1548 985 1612 clas·
1083 1539 1085 1547 ’

43 1670 131 1739 sicis
157 1674 356 1733 censuerunt
378 1659 602 1746 Oratoribus,
621 1659 687 1727 *sed
715 1677 795 1726 vero
819 1658 912 1726 etlam
945 1673 984 1727 es
1097 1664 1100 1670 “

39 1782 209 1868 Hegesia,
231 1777 397 1848 Demetrio
411 1777 589 1859 Phalereo,
609 1777 782 1858 Chariclo,
804 1776 984 1844 Dentouira·

41 1921 106 1983 re,
138 1900 275 1984 aliisque
307 1915 347 1965 ex
375 1897 434 1964 illo
462 1897 673 1965 classicorum
704 1915 804 1965 censu
827 1900 982 1966 exclusis.

39 2019 231 2100 Aliquanto
264 2014 401 2080 minoris
432 2025 508 2080 sunt
537 2013 690 2080 momenti
718 2014 838 2097 Aquila
865 2014 985 2081 Roma·

41 2151 189 2213 manus,
213 2130 324 2199 rhetor
342 2130 360 2195 e
382 2129 513 2196 saeculo
531 2131 676 2198 secundo
691 2144 832 2197 extremo
851 2142 906 2196 aut
921 2144 984 2196 ter-

38 2247 119 2327 tio,
152 2245 209 2326 qui
242 2263 281 2310 cx
309 2244 480 2311 Alexandri
512 2243 665 2312 Numenii
691 2247 869 2329 superstite
894 2263 981 2312 nunc

36 2360 162 2431 libello
193 2360 326 2424 nomina
345 2377 381 2424 ac
401 2357 606 2426 definitiones
623 2359 812 2443 Figuratum
836 2359 980 2442 sumsit,

39 2475 236 2561 suppositis
254 2474 286 2540 in
304 2477 525 2556 exemplorum
546 2472 741 2543 Graecorum
761 2480 869 2544 locum
887 2477 981 2545 Lati·

37 2596 117 2662 nis:
143 2607 175 2655 er
189 2588 299 2674 Julius
317 2588 512 2658 Rufinianus
529 2594 547 2658 e
567 2591 780 2660 Constantini
797 2613 897 2676 aevo,
921 2597 980 2678 qul

37 2708 193 2790 exempla
217 2725 285 2774 non
301 2703 369 2770 fere
390 2707 485 2771 haber
503 2707 570 2772 nisi
585 2707 797 2774 Ciceroniana
816 2723 848 2774 et
869 2709 981 2794 Virgi-
1094 2743 1099 2755 s

38 2832 152 2897 liant:
177 2845 263 2909 quos
289 2825 508 2892 Ruhnlcenlus
531 2840 563 2890 et
580 2841 712 2908 propter
729 2827 910 2912 argumenti
933 2830 979 2893 si·
1038 2891 1047 2904 „

5 3031 9 3040 Ι
38 2945 285 3024 militudinem,
305 2953 341 3007 et
364 2942 506 3027 priorum
527 2933 705 3008 editionuin
732 2940 979 3026 auctoritatem,
1052 2931 1060 2952 ”

38 3059 270 3148 adiungendus
294 3055 423 3124 Rutilio
442 3057 603 3124 censebat.
649 3057 739 3142 Ergo
757 3059 837 3126 hanc
855 3057 978 3127 Rheto-

40 3195 119 3244 rum
147 3175 318 3240 editionem
337 3174 380 3237 ita
399 3172 548 3253 ornavit,
572 3188 608 3238 ut
630 3173 740 3255 quivis
759 3195 843 3242 unus
861 3177 976 3243 harum

39 3307 153 3358 rerum
172 3288 294 3371 peritus
312 3287 525 3372 intelligeret,
549 3287 705 3356 neminem
724 3291 789 3358 nisi
805 3292 824 3358 l
839 3291 978 3361 Graeca·

38 3427 119 3474 rum
146 3405 279 3472 scientia
306 3402 486 3499 Literarum
516 3405 719 3491 profectum,
752 3411 870 3478 nedum
894 3409 977 3480 istos

40 3525 164 3591 harum
186 3522 344 3606 ignaros,
367 3519 556 3589 Ruhnkenii
576 3522 830 3606 obtrectatores,
853 3539 909 3591 aut
932 3525 976 3590 si·

30 3629 124 3708 'mile
150 3639 324 3722 quidquam
352 3636 516 3721 proferre,
550 3653 606 3706 aut
629 3642 763 3708 omnino
787 3641 977 3710 Latinarum

36 3757 229 3826 Literarum
259 3755 382 3822 muneri
406 3753 668 3837 professionique
696 3757 878 3826 satisfacere
898 3759 979 3841 pos'·

35 3891 93 3944 se.
138 3871 328 3958 Principio,
349 3875 464 3943 horum
480 3877 520 3943 de
535 3873 716 3944 Rhetorum
734 3879 829 3950 rebus
846 3899 884 3949 ac
898 3875 978 3945 serl-

587 4009 596 4016 ’
892 4005 984 4080 Pma
