<?xml version="1.0" encoding="UTF-8"?>
<!DOCTYPE html PUBLIC "-//W3C//DTD XHTML 1.0 Transitional//EN"
    "http://www.w3.org/TR/xhtml1/DTD/xhtml1-transitional.dtd">
<html xmlns="http://www.w3.org/1999/xhtml" xml:lang="en" lang="en">
 <head>
  <title>
</title>
<meta http-equiv="Content-Type" content="text/html;charset=utf-8" />
  <meta name='ocr-system' content='tesseract 3.04.00' />
  <meta name='ocr-capabilities' content='ocr_page ocr_carea ocr_par ocr_line ocrx_word'/>
</head>
<body>
  <div class='ocr_page' id='page_1' title='image "./opusculavariiar01wyttgoog_0729.png"; bbox 0 0 2506 4712; ppageno 0'>
   <div class='ocr_carea' id='block_1_1' title="bbox 260 259 1034 353">
    <p class='ocr_par' dir='ltr' id='par_1_1' title="bbox 260 259 1034 353">
     <span class='ocr_line' id='line_1_1' title="bbox 260 259 1034 353; baseline -0.001 -15"><span class='ocrx_word' id='word_1_1' title='bbox 260 263 330 353; x_wconf 73' lang='lat'>746</span> <span class='ocrx_word' id='word_1_2' title='bbox 428 260 566 332; x_wconf 76' lang='lat' dir='ltr'>vlnn</span> <span class='ocrx_word' id='word_1_3' title='bbox 605 261 648 332; x_wconf 89' lang='lat' dir='ltr'>D.</span> <span class='ocrx_word' id='word_1_4' title='bbox 689 259 1034 337; x_wconf 80' lang='lat' dir='ltr'><strong>RUHNKENH.</strong></span> 
     </span>
    </p>
   </div>
   <div class='ocr_carea' id='block_1_2' title="bbox 203 447 1245 2497">
    <p class='ocr_par' dir='ltr' id='par_1_2' title="bbox 262 447 1188 770">
     <span class='ocr_line' id='line_1_2' title="bbox 263 447 1187 536; baseline -0.002 -12"><span class='ocrx_word' id='word_1_5' title='bbox 263 471 341 524; x_wconf 88' lang='lat' dir='ltr'>cens</span> <span class='ocrx_word' id='word_1_6' title='bbox 365 453 426 518; x_wconf 87' lang='lat' dir='ltr'>lrac</span> <span class='ocrx_word' id='word_1_7' title='bbox 450 449 565 536; x_wconf 85' lang='lat' dir='ltr'>ludicii</span> <span class='ocrx_word' id='word_1_8' title='bbox 591 447 643 514; x_wconf 79' lang='lat' dir='ltr'>sia</span> <span class='ocrx_word' id='word_1_9' title='bbox 673 449 713 515; x_wconf 92' lang='lat' dir='ltr'>ad</span> <span class='ocrx_word' id='word_1_10' title='bbox 741 449 960 517; x_wconf 81' lang='lat' dir='ltr'>inventionem</span> <span class='ocrx_word' id='word_1_11' title='bbox 986 451 1078 533; x_wconf 82' lang='lat' dir='ltr'>quasi</span> <span class='ocrx_word' id='word_1_12' title='bbox 1094 453 1187 522; x_wconf 81' lang='lat' dir='ltr'>nenti</span> 
     </span>
     <span class='ocr_line' id='line_1_3' title="bbox 263 565 1188 652; baseline -0.014 -11"><span class='ocrx_word' id='word_1_13' title='bbox 263 577 385 642; x_wconf 85' lang='lat' dir='ltr'>doctus</span> <span class='ocrx_word' id='word_1_14' title='bbox 404 614 425 652; x_wconf 63' lang='lat'>,‚</span> <span class='ocrx_word' id='word_1_15' title='bbox 449 567 479 634; x_wconf 94' lang='lat' dir='ltr'>sl</span> <span class='ocrx_word' id='word_1_16' title='bbox 505 567 604 633; x_wconf 90' lang='lat' dir='ltr'>aciem</span> <span class='ocrx_word' id='word_1_17' title='bbox 630 565 669 631; x_wconf 92' lang='lat' dir='ltr'>ad</span> <span class='ocrx_word' id='word_1_18' title='bbox 695 567 802 632; x_wconf 88' lang='lat' dir='ltr'>locum</span> <span class='ocrx_word' id='word_1_19' title='bbox 831 580 1024 651; x_wconf 90' lang='lat' dir='ltr'>corruptum</span> <span class='ocrx_word' id='word_1_20' title='bbox 1058 567 1188 636; x_wconf 74' lang='lat' dir='ltr'>intende.</span> 
     </span>
     <span class='ocr_line' id='line_1_4' title="bbox 262 681 1185 770; baseline -0.008 -13"><span class='ocrx_word' id='word_1_21' title='bbox 262 701 335 770; x_wconf 68' lang='grc' dir='ltr'>σει,</span> <span class='ocrx_word' id='word_1_22' title='bbox 357 705 394 752; x_wconf 93' lang='lat' dir='ltr'>ac</span> <span class='ocrx_word' id='word_1_23' title='bbox 417 681 594 766; x_wconf 79' lang='lat' dir='ltr'>scriptoris</span> <span class='ocrx_word' id='word_1_24' title='bbox 611 700 674 750; x_wconf 89' lang='lat' dir='ltr'>usu</span> <span class='ocrx_word' id='word_1_25' title='bbox 696 683 810 749; x_wconf 90' lang='lat' dir='ltr'>tritum</span> <span class='ocrx_word' id='word_1_26' title='bbox 830 683 960 750; x_wconf 86' lang='lat' dir='ltr'>haberet</span> <span class='ocrx_word' id='word_1_27' title='bbox 984 702 1120 750; x_wconf 76' lang='lat' dir='ltr'>sensum</span> <span class='ocrx_word' id='word_1_28' title='bbox 1134 705 1185 751; x_wconf 92' lang='lat' dir='ltr'>no-</span> 
     </span>
    </p>

    <p class='ocr_par' dir='ltr' id='par_1_3' title="bbox 203 797 1243 1462">
     <span class='ocr_line' id='line_1_5' title="bbox 203 797 1191 886; baseline -0.007 -13"><span class='ocrx_word' id='word_1_29' title='bbox 203 865 208 876; x_wconf 86' lang='lat'>.</span> <span class='ocrx_word' id='word_1_30' title='bbox 262 801 361 872; x_wconf 80' lang='lat' dir='ltr'>tanda</span> <span class='ocrx_word' id='word_1_31' title='bbox 376 801 446 886; x_wconf 82' lang='lat' dir='ltr'>eius</span> <span class='ocrx_word' id='word_1_32' title='bbox 462 798 586 864; x_wconf 88' lang='lat' dir='ltr'>ratione</span> <span class='ocrx_word' id='word_1_33' title='bbox 602 811 634 863; x_wconf 90' lang='lat' dir='ltr'>et</span> <span class='ocrx_word' id='word_1_34' title='bbox 649 797 815 880; x_wconf 85' lang='lat' dir='ltr'>oratione,</span> <span class='ocrx_word' id='word_1_35' title='bbox 830 799 929 865; x_wconf 88' lang='lat' dir='ltr'>modo</span> <span class='ocrx_word' id='word_1_36' title='bbox 950 797 1116 881; x_wconf 70' lang='lat' dir='ltr'><strong>probabili</strong></span> <span class='ocrx_word' id='word_1_37' title='bbox 1133 818 1191 866; x_wconf 88' lang='lat' dir='ltr'>me-</span> 
     </span>
     <span class='ocr_line' id='line_1_6' title="bbox 263 911 1194 995; baseline -0.013 -7"><span class='ocrx_word' id='word_1_38' title='bbox 263 916 386 988; x_wconf 86' lang='lat' dir='ltr'>moriae</span> <span class='ocrx_word' id='word_1_39' title='bbox 401 911 559 980; x_wconf 82' lang='lat' dir='ltr'>facilitate</span> <span class='ocrx_word' id='word_1_40' title='bbox 581 913 720 991; x_wconf 81' lang='lat' dir='ltr'>valeret,</span> <span class='ocrx_word' id='word_1_41' title='bbox 744 927 863 995; x_wconf 86' lang='lat' dir='ltr'>sponte</span> <span class='ocrx_word' id='word_1_42' title='bbox 875 911 910 979; x_wconf 92' lang='lat' dir='ltr'>in</span> <span class='ocrx_word' id='word_1_43' title='bbox 929 929 1038 978; x_wconf 81' lang='lat' dir='ltr'>veram</span> <span class='ocrx_word' id='word_1_44' title='bbox 1058 915 1194 982; x_wconf 70' lang='lat' dir='ltr'>neoda·</span> 
     </span>
     <span class='ocr_line' id='line_1_7' title="bbox 264 1025 1193 1108; baseline -0.009 -9"><span class='ocrx_word' id='word_1_45' title='bbox 264 1032 385 1100; x_wconf 85' lang='lat' dir='ltr'>tionem</span> <span class='ocrx_word' id='word_1_46' title='bbox 416 1027 591 1095; x_wconf 75' lang='lat' dir='ltr'>incidebat.</span> <span class='ocrx_word' id='word_1_47' title='bbox 636 1027 761 1107; x_wconf 80' lang='lat' dir='ltr'>Aliter,</span> <span class='ocrx_word' id='word_1_48' title='bbox 790 1037 823 1092; x_wconf 89' lang='lat' dir='ltr'>et</span> <span class='ocrx_word' id='word_1_49' title='bbox 847 1025 888 1093; x_wconf 87' lang='lat' dir='ltr'>ab</span> <span class='ocrx_word' id='word_1_50' title='bbox 912 1025 1014 1108; x_wconf 84' lang='lat' dir='ltr'>aliis,</span> <span class='ocrx_word' id='word_1_51' title='bbox 1036 1027 1100 1096; x_wconf 94' lang='lat' dir='ltr'>illo</span> <span class='ocrx_word' id='word_1_52' title='bbox 1126 1027 1193 1094; x_wconf 87' lang='lat' dir='ltr'>snb·</span> 
     </span>
     <span class='ocr_line' id='line_1_8' title="bbox 263 1140 1191 1226; baseline -0.006 -10"><span class='ocrx_word' id='word_1_53' title='bbox 263 1145 422 1216; x_wconf 89' lang='lat' dir='ltr'>sidiorum</span> <span class='ocrx_word' id='word_1_54' title='bbox 444 1153 598 1226; x_wconf 73' lang='lat' dir='ltr'>apparitu</span> <span class='ocrx_word' id='word_1_55' title='bbox 622 1158 691 1208; x_wconf 91' lang='lat' dir='ltr'>non</span> <span class='ocrx_word' id='word_1_56' title='bbox 717 1140 911 1222; x_wconf 87' lang='lat' dir='ltr'>instructis,</span> <span class='ocrx_word' id='word_1_57' title='bbox 940 1141 1191 1210; x_wconf 73' lang='lat' dir='ltr'>emendationem</span> 
     </span>
     <span class='ocr_line' id='line_1_9' title="bbox 262 1253 1194 1340; baseline -0.009 -13"><span class='ocrx_word' id='word_1_58' title='bbox 262 1257 380 1327; x_wconf 86' lang='lat' dir='ltr'>tentari</span> <span class='ocrx_word' id='word_1_59' title='bbox 397 1257 540 1324; x_wconf 87' lang='lat' dir='ltr'>nolebat.</span> <span class='ocrx_word' id='word_1_60' title='bbox 584 1253 691 1336; x_wconf 88' lang='lat' dir='ltr'>Nam,</span> <span class='ocrx_word' id='word_1_61' title='bbox 706 1253 797 1336; x_wconf 90' lang='lat' dir='ltr'>quod</span> <span class='ocrx_word' id='word_1_62' title='bbox 813 1253 899 1336; x_wconf 90' lang='lat' dir='ltr'>apud</span> <span class='ocrx_word' id='word_1_63' title='bbox 913 1253 1087 1321; x_wconf 87' lang='lat' dir='ltr'>Platonem</span> <span class='ocrx_word' id='word_1_64' title='bbox 1105 1257 1194 1340; x_wconf 82' lang='lat'><strong>(86)</strong></span> 
     </span>
     <span class='ocr_line' id='line_1_10' title="bbox 262 1369 1243 1462; baseline -0.007 -21"><span class='ocrx_word' id='word_1_65' title='bbox 262 1373 390 1462; x_wconf 76' lang='lat' dir='ltr'>egregie</span> <span class='ocrx_word' id='word_1_66' title='bbox 403 1373 526 1442; x_wconf 90' lang='lat' dir='ltr'>dictum</span> <span class='ocrx_word' id='word_1_67' title='bbox 544 1385 648 1438; x_wconf 84' lang='lat' dir='ltr'>exstat</span> <span class='ocrx_word' id='word_1_68' title='bbox 670 1371 709 1437; x_wconf 92' lang='lat' dir='ltr'>de</span> <span class='ocrx_word' id='word_1_69' title='bbox 726 1369 978 1436; x_wconf 73' lang='lat' dir='ltr'>adolescentulis</span> <span class='ocrx_word' id='word_1_70' title='bbox 998 1387 1104 1436; x_wconf 84' lang='lat' dir='ltr'>recens</span> <span class='ocrx_word' id='word_1_71' title='bbox 1119 1369 1196 1435; x_wconf 88' lang='lat' dir='ltr'>Dia-</span> <span class='ocrx_word' id='word_1_72' title='bbox 1242 1407 1243 1410; x_wconf 60' lang='lat'><em>=</em></span> 
     </span>
    </p>

    <p class='ocr_par' dir='ltr' id='par_1_4' title="bbox 211 1486 1247 2497">
     <span class='ocr_line' id='line_1_11' title="bbox 211 1486 1193 1586; baseline -0.01 -24"><span class='ocrx_word' id='word_1_73' title='bbox 211 1576 214 1586; x_wconf 32' lang='grc'><strong>,</strong></span> <span class='ocrx_word' id='word_1_74' title='bbox 262 1492 378 1562; x_wconf 77' lang='lat' dir='ltr'>lectica</span> <span class='ocrx_word' id='word_1_75' title='bbox 403 1489 563 1572; x_wconf 87' lang='lat' dir='ltr'>imbutis,</span> <span class='ocrx_word' id='word_1_76' title='bbox 586 1506 665 1570; x_wconf 88' lang='lat' dir='ltr'>eos,</span> <span class='ocrx_word' id='word_1_77' title='bbox 686 1487 789 1555; x_wconf 81' lang='lat' dir='ltr'>veluti</span> <span class='ocrx_word' id='word_1_78' title='bbox 815 1487 967 1568; x_wconf 91' lang='lat' dir='ltr'>catulos,</span> <span class='ocrx_word' id='word_1_79' title='bbox 992 1486 1100 1554; x_wconf 75' lang='lat' dir='ltr'>omnia</span> <span class='ocrx_word' id='word_1_80' title='bbox 1123 1505 1193 1552; x_wconf 89' lang='lat' dir='ltr'>car·</span> 
     </span>
     <span class='ocr_line' id='line_1_12' title="bbox 260 1603 1194 1699; baseline -0.005 -20"><span class='ocrx_word' id='word_1_81' title='bbox 260 1627 339 1699; x_wconf 86' lang='lat' dir='ltr'>pere</span> <span class='ocrx_word' id='word_1_82' title='bbox 354 1623 387 1677; x_wconf 90' lang='lat' dir='ltr'>et</span> <span class='ocrx_word' id='word_1_83' title='bbox 406 1607 566 1689; x_wconf 86' lang='lat' dir='ltr'>lacerare,</span> <span class='ocrx_word' id='word_1_84' title='bbox 587 1603 669 1673; x_wconf 87' lang='lat' dir='ltr'>idem</span> <span class='ocrx_word' id='word_1_85' title='bbox 688 1603 824 1676; x_wconf 86' lang='lat' dir='ltr'>rudibus</span> <span class='ocrx_word' id='word_1_86' title='bbox 847 1623 883 1670; x_wconf 88' lang='lat' dir='ltr'>at</span> <span class='ocrx_word' id='word_1_87' title='bbox 895 1605 1090 1672; x_wconf 83' lang='lat' dir='ltr'>&#39;recentibus</span> <span class='ocrx_word' id='word_1_88' title='bbox 1111 1608 1194 1691; x_wconf 79' lang='lat' dir='ltr'>inge·</span> 
     </span>
     <span class='ocr_line' id='line_1_13' title="bbox 262 1721 1245 1805; baseline -0.008 -7"><span class='ocrx_word' id='word_1_89' title='bbox 262 1727 330 1798; x_wconf 87' lang='lat' dir='ltr'>nils</span> <span class='ocrx_word' id='word_1_90' title='bbox 347 1723 382 1794; x_wconf 86' lang='lat' dir='ltr'>in</span> <span class='ocrx_word' id='word_1_91' title='bbox 397 1723 593 1796; x_wconf 77' lang='lat' dir='ltr'>emendando</span> <span class='ocrx_word' id='word_1_92' title='bbox 610 1723 752 1790; x_wconf 83' lang='lat' dir='ltr'>accidere</span> <span class='ocrx_word' id='word_1_93' title='bbox 766 1721 919 1805; x_wconf 87' lang='lat' dir='ltr'>dicebat,</span> <span class='ocrx_word' id='word_1_94' title='bbox 940 1737 1003 1804; x_wconf 89' lang='lat' dir='ltr'>ut,</span> <span class='ocrx_word' id='word_1_95' title='bbox 1029 1725 1135 1790; x_wconf 84' lang='lat' dir='ltr'>veluti</span> <span class='ocrx_word' id='word_1_96' title='bbox 1149 1744 1195 1791; x_wconf 90' lang='lat' dir='ltr'>ca·</span> <span class='ocrx_word' id='word_1_97' title='bbox 1244 1793 1245 1800; x_wconf 8' lang='grc' dir='ltr'>ἵ</span> 
     </span>
     <span class='ocr_line' id='line_1_14' title="bbox 262 1835 1196 1920; baseline -0.01 -10"><span class='ocrx_word' id='word_1_98' title='bbox 262 1841 328 1910; x_wconf 89' lang='lat' dir='ltr'>tull</span> <span class='ocrx_word' id='word_1_99' title='bbox 352 1842 496 1909; x_wconf 89' lang='lat' dir='ltr'>nondun</span> <span class='ocrx_word' id='word_1_100' title='bbox 523 1835 767 1919; x_wconf 85' lang='lat' dir='ltr'>condocefacti,</span> <span class='ocrx_word' id='word_1_101' title='bbox 789 1835 823 1904; x_wconf 86' lang='lat' dir='ltr'>in</span> <span class='ocrx_word' id='word_1_102' title='bbox 846 1835 1084 1912; x_wconf 82' lang='lat' dir='ltr'>emendationis</span> <span class='ocrx_word' id='word_1_103' title='bbox 1109 1837 1196 1920; x_wconf 81' lang='lat' dir='ltr'>quasi</span> 
     </span>
     <span class='ocr_line' id='line_1_15' title="bbox 263 1949 1196 2034; baseline -0.012 -8"><span class='ocrx_word' id='word_1_104' title='bbox 263 1957 467 2026; x_wconf 82' lang='lat' dir='ltr'>venationem</span> <span class='ocrx_word' id='word_1_105' title='bbox 497 1953 657 2034; x_wconf 86' lang='lat' dir='ltr'>immissi,</span> <span class='ocrx_word' id='word_1_106' title='bbox 690 1949 795 2018; x_wconf 85' lang='lat' dir='ltr'>omnia</span> <span class='ocrx_word' id='word_1_107' title='bbox 825 1949 1026 2032; x_wconf 88' lang='lat' dir='ltr'>corripiant,</span> <span class='ocrx_word' id='word_1_108' title='bbox 1059 1951 1196 2031; x_wconf 86' lang='lat' dir='ltr'>vellant,</span> 
     </span>
     <span class='ocr_line' id='line_1_16' title="bbox 262 2065 1195 2153; baseline -0.012 -13"><span class='ocrx_word' id='word_1_109' title='bbox 262 2072 428 2153; x_wconf 85' lang='lat' dir='ltr'>turbent,</span> <span class='ocrx_word' id='word_1_110' title='bbox 457 2082 489 2138; x_wconf 90' lang='lat' dir='ltr'>et</span> <span class='ocrx_word' id='word_1_111' title='bbox 512 2068 642 2151; x_wconf 83' lang='lat' dir='ltr'>quidvis</span> <span class='ocrx_word' id='word_1_112' title='bbox 668 2069 783 2151; x_wconf 86' lang='lat' dir='ltr'>potius</span> <span class='ocrx_word' id='word_1_113' title='bbox 809 2083 906 2148; x_wconf 87' lang='lat' dir='ltr'>quam</span> <span class='ocrx_word' id='word_1_114' title='bbox 931 2065 1031 2134; x_wconf 86' lang='lat' dir='ltr'>feram</span> <span class='ocrx_word' id='word_1_115' title='bbox 1056 2066 1195 2150; x_wconf 83' lang='lat' dir='ltr'>capiant.</span> 
     </span>
     <span class='ocr_line' id='line_1_17' title="bbox 263 2182 1197 2270; baseline -0.008 -16"><span class='ocrx_word' id='word_1_116' title='bbox 263 2187 380 2270; x_wconf 86' lang='lat' dir='ltr'>ltaque</span> <span class='ocrx_word' id='word_1_117' title='bbox 395 2186 487 2252; x_wconf 86' lang='lat' dir='ltr'>valde</span> <span class='ocrx_word' id='word_1_118' title='bbox 502 2182 769 2266; x_wconf 82' lang='lat' dir='ltr'>reprehendebat,</span> <span class='ocrx_word' id='word_1_119' title='bbox 787 2183 1026 2262; x_wconf 76' lang='lat' dir='ltr'>adolescentes,</span> <span class='ocrx_word' id='word_1_120' title='bbox 1040 2183 1128 2249; x_wconf 88' lang='lat' dir='ltr'>nulla</span> <span class='ocrx_word' id='word_1_121' title='bbox 1141 2195 1197 2248; x_wconf 85' lang='lat' dir='ltr'>aot</span> 
     </span>
     <span class='ocr_line' id='line_1_18' title="bbox 262 2297 1193 2386; baseline -0.004 -18"><span class='ocrx_word' id='word_1_122' title='bbox 262 2300 434 2386; x_wconf 81' lang='lat' dir='ltr'>perexigua</span> <span class='ocrx_word' id='word_1_123' title='bbox 451 2299 599 2366; x_wconf 82' lang='lat' dir='ltr'>doctrina</span> <span class='ocrx_word' id='word_1_124' title='bbox 621 2297 806 2382; x_wconf 86' lang='lat' dir='ltr'>praeditos,</span> <span class='ocrx_word' id='word_1_125' title='bbox 830 2300 904 2364; x_wconf 86' lang='lat' dir='ltr'>solo</span> <span class='ocrx_word' id='word_1_126' title='bbox 920 2297 1054 2383; x_wconf 85' lang='lat' dir='ltr'>ingenio</span> <span class='ocrx_word' id='word_1_127' title='bbox 1073 2299 1193 2380; x_wconf 67' lang='lat' dir='ltr'>fictos,</span> 
     </span>
     <span class='ocr_line' id='line_1_19' title="bbox 261 2410 1194 2497; baseline -0.004 -13"><span class='ocrx_word' id='word_1_128' title='bbox 261 2417 303 2484; x_wconf 91' lang='lat' dir='ltr'>ad</span> <span class='ocrx_word' id='word_1_129' title='bbox 325 2413 557 2484; x_wconf 82' lang='lat' dir='ltr'>emendandum</span> <span class='ocrx_word' id='word_1_130' title='bbox 583 2410 734 2495; x_wconf 73' lang='lat' dir='ltr'>sedare,</span> <span class='ocrx_word' id='word_1_131' title='bbox 758 2429 934 2497; x_wconf 77' lang='lat' dir='ltr'>portasque</span> <span class='ocrx_word' id='word_1_132' title='bbox 960 2415 1194 2480; x_wconf 76' lang='lat' dir='ltr'>emendationes</span> 
     </span>
    </p>
   </div>
   <div class='ocr_carea' id='block_1_3' title="bbox 194 2525 1201 3088">
    <p class='ocr_par' dir='ltr' id='par_1_5' title="bbox 194 2525 1199 2851">
     <span class='ocr_line' id='line_1_20' title="bbox 194 2525 1195 2624; baseline -0.009 -16"><span class='ocrx_word' id='word_1_133' title='bbox 194 2611 200 2624; x_wconf 64' lang='lat'>„</span> <span class='ocrx_word' id='word_1_134' title='bbox 262 2535 423 2608; x_wconf 87' lang='lat' dir='ltr'>continuo</span> <span class='ocrx_word' id='word_1_135' title='bbox 439 2531 474 2601; x_wconf 87' lang='lat' dir='ltr'>in</span> <span class='ocrx_word' id='word_1_136' title='bbox 488 2535 593 2600; x_wconf 89' lang='lat' dir='ltr'>lucem</span> <span class='ocrx_word' id='word_1_137' title='bbox 612 2525 725 2600; x_wconf 82' lang='lat' dir='ltr'>&#39;ederet</span> <span class='ocrx_word' id='word_1_138' title='bbox 742 2533 911 2616; x_wconf 88' lang='lat' dir='ltr'>probans,</span> <span class='ocrx_word' id='word_1_139' title='bbox 928 2535 1013 2614; x_wconf 89' lang='lat' dir='ltr'>quod</span> <span class='ocrx_word' id='word_1_140' title='bbox 1029 2533 1195 2616; x_wconf 79' lang='lat' dir='ltr'>ingenium</span> 
     </span>
     <span class='ocr_line' id='line_1_21' title="bbox 229 2647 1198 2734; baseline -0.01 -10"><span class='ocrx_word' id='word_1_141' title='bbox 229 2675 233 2684; x_wconf 87' lang='grc'>’</span> <span class='ocrx_word' id='word_1_142' title='bbox 263 2664 468 2733; x_wconf 70' lang='grc' dir='ltr'>οισισεσειιι,</span> <span class='ocrx_word' id='word_1_143' title='bbox 489 2667 557 2715; x_wconf 92' lang='lat' dir='ltr'>non</span> <span class='ocrx_word' id='word_1_144' title='bbox 583 2647 752 2730; x_wconf 85' lang='lat' dir='ltr'>probans,</span> <span class='ocrx_word' id='word_1_145' title='bbox 776 2649 868 2730; x_wconf 89' lang='lat' dir='ltr'>quod</span> <span class='ocrx_word' id='word_1_146' title='bbox 881 2689 883 2692; x_wconf 95' lang='lat'>-</span> <span class='ocrx_word' id='word_1_147' title='bbox 898 2649 1081 2716; x_wconf 87' lang='lat' dir='ltr'>immaturos</span> <span class='ocrx_word' id='word_1_148' title='bbox 1101 2648 1198 2734; x_wconf 82' lang='lat' dir='ltr'>inge-</span> 
     </span>
     <span class='ocr_line' id='line_1_22' title="bbox 262 2766 1199 2851; baseline -0.009 -11"><span class='ocrx_word' id='word_1_149' title='bbox 262 2770 313 2842; x_wconf 90' lang='lat' dir='ltr'>nii</span> <span class='ocrx_word' id='word_1_150' title='bbox 337 2769 468 2851; x_wconf 88' lang='lat' dir='ltr'>foetus,</span> <span class='ocrx_word' id='word_1_151' title='bbox 496 2779 528 2833; x_wconf 89' lang='lat' dir='ltr'>et</span> <span class='ocrx_word' id='word_1_152' title='bbox 551 2768 645 2850; x_wconf 85' lang='lat' dir='ltr'>quasi</span> <span class='ocrx_word' id='word_1_153' title='bbox 670 2767 826 2847; x_wconf 82' lang='lat' dir='ltr'>abortus,</span> <span class='ocrx_word' id='word_1_154' title='bbox 858 2766 1003 2850; x_wconf 83' lang='lat' dir='ltr'>alerent,</span> <span class='ocrx_word' id='word_1_155' title='bbox 1023 2768 1199 2850; x_wconf 78' lang='lat' dir='ltr'>vestirent,</span> 
     </span>
    </p>

    <p class='ocr_par' dir='ltr' id='par_1_6' title="bbox 264 2885 1201 3088">
     <span class='ocr_line' id='line_1_23' title="bbox 264 2885 1199 2973; baseline -0.003 -18"><span class='ocrx_word' id='word_1_156' title='bbox 264 2901 299 2955; x_wconf 89' lang='lat' dir='ltr'>et</span> <span class='ocrx_word' id='word_1_157' title='bbox 318 2889 360 2955; x_wconf 84' lang='lat' dir='ltr'>ad</span> <span class='ocrx_word' id='word_1_158' title='bbox 388 2885 553 2972; x_wconf 82' lang='lat' dir='ltr'>publicam</span> <span class='ocrx_word' id='word_1_159' title='bbox 571 2885 720 2954; x_wconf 83' lang='lat' dir='ltr'>notitiam</span> <span class='ocrx_word' id='word_1_160' title='bbox 745 2887 984 2970; x_wconf 89' lang='lat' dir='ltr'>producerent,</span> <span class='ocrx_word' id='word_1_161' title='bbox 1007 2887 1199 2973; x_wconf 82' lang='lat' dir='ltr'>ignorantia·</span> 
     </span>
     <span class='ocr_line' id='line_1_24' title="bbox 1139 3023 1201 3088; baseline -0.032 -16"><span class='ocrx_word' id='word_1_162' title='bbox 1139 3023 1201 3088; x_wconf 87' lang='lat' dir='ltr'>que</span> 
     </span>
    </p>
   </div>
   <div class='ocr_carea' id='block_1_4' title="bbox 250 3155 1202 4000">
    <p class='ocr_par' dir='ltr' id='par_1_7' title="bbox 250 3155 1202 4000">
     <span class='ocr_line' id='line_1_25' title="bbox 301 3155 1201 3236; baseline -0.001 -18"><span class='ocrx_word' id='word_1_163' title='bbox 301 3155 368 3236; x_wconf 78' lang='grc'>(86</span> <span class='ocrx_word' id='word_1_164' title='bbox 379 3155 397 3235; x_wconf 94' lang='grc'>)</span> <span class='ocrx_word' id='word_1_165' title='bbox 416 3157 546 3232; x_wconf 83' lang='lat' dir='ltr'>Republ.</span> <span class='ocrx_word' id='word_1_166' title='bbox 566 3157 635 3226; x_wconf 84' lang='lat' dir='ltr'>vll,</span> <span class='ocrx_word' id='word_1_167' title='bbox 655 3174 685 3232; x_wconf 89' lang='lat' dir='ltr'>p.</span> <span class='ocrx_word' id='word_1_168' title='bbox 702 3176 780 3234; x_wconf 87' lang='lat'>490,</span> <span class='ocrx_word' id='word_1_169' title='bbox 801 3159 848 3218; x_wconf 89' lang='lat' dir='ltr'>Dt</span> <span class='ocrx_word' id='word_1_170' title='bbox 869 3155 950 3236; x_wconf 63' lang='grc' dir='ltr'><strong><em>οἶμαι</em></strong></span> <span class='ocrx_word' id='word_1_171' title='bbox 971 3164 1030 3234; x_wconf 69' lang='grc' dir='ltr'>γάρ</span> <span class='ocrx_word' id='word_1_172' title='bbox 1050 3183 1085 3221; x_wconf 77' lang='grc' dir='ltr'>σε</span> <span class='ocrx_word' id='word_1_173' title='bbox 1103 3157 1132 3218; x_wconf 75' lang='grc' dir='ltr'>οὗ</span> <span class='ocrx_word' id='word_1_174' title='bbox 1149 3168 1201 3218; x_wconf 73' lang='grc' dir='ltr'>λσ-</span> 
     </span>
     <span class='ocr_line' id='line_1_26' title="bbox 262 3263 1202 3342; baseline -0.003 -13"><span class='ocrx_word' id='word_1_175' title='bbox 262 3267 400 3336; x_wconf 70' lang='grc' dir='ltr'><strong><em>λιιθένσι,</em></strong></span> <span class='ocrx_word' id='word_1_176' title='bbox 415 3263 463 3326; x_wconf 71' lang='lat' dir='ltr'>irs</span> <span class='ocrx_word' id='word_1_177' title='bbox 477 3266 505 3324; x_wconf 81' lang='lat' dir='ltr'>ol</span> <span class='ocrx_word' id='word_1_178' title='bbox 518 3267 695 3337; x_wconf 67' lang='grc' dir='ltr'>μειρακίσκοι</span> <span class='ocrx_word' id='word_1_179' title='bbox 706 3305 716 3336; x_wconf 87' lang='grc'><strong>,</strong></span> <span class='ocrx_word' id='word_1_180' title='bbox 728 3266 799 3326; x_wconf 77' lang='lat' dir='ltr'>irae</span> <span class='ocrx_word' id='word_1_181' title='bbox 813 3269 848 3327; x_wconf 77' lang='lat' dir='ltr'>ri</span> <span class='ocrx_word' id='word_1_182' title='bbox 862 3273 975 3338; x_wconf 71' lang='grc' dir='ltr'><strong>πρῶτον</strong></span> <span class='ocrx_word' id='word_1_183' title='bbox 988 3270 1088 3340; x_wconf 60' lang='grc' dir='ltr'><strong><em>λόγων</em></strong></span> <span class='ocrx_word' id='word_1_184' title='bbox 1099 3269 1202 3342; x_wconf 62' lang='lat' dir='ltr'>prist*</span> 
     </span>
     <span class='ocr_line' id='line_1_27' title="bbox 262 3371 1199 3464; baseline -0.002 -27"><span class='ocrx_word' id='word_1_185' title='bbox 262 3395 317 3437; x_wconf 77' lang='grc' dir='ltr'>σσι</span> <span class='ocrx_word' id='word_1_186' title='bbox 327 3417 347 3464; x_wconf 24' lang='lat' dir='ltr'>‚y</span> <span class='ocrx_word' id='word_1_187' title='bbox 358 3377 396 3446; x_wconf 71' lang='lat' dir='ltr'>sie</span> <span class='ocrx_word' id='word_1_188' title='bbox 415 3371 520 3450; x_wconf 69' lang='grc' dir='ltr'><strong><em>παιδιᾷ</em></strong></span> <span class='ocrx_word' id='word_1_189' title='bbox 536 3371 639 3445; x_wconf 68' lang='lat' dir='ltr'>adroic</span> <span class='ocrx_word' id='word_1_190' title='bbox 658 3381 888 3451; x_wconf 71' lang='grc' dir='ltr'>καταχρῶνται,</span> <span class='ocrx_word' id='word_1_191' title='bbox 904 3375 949 3440; x_wconf 67' lang='grc' dir='ltr'>ἀεὶ</span> <span class='ocrx_word' id='word_1_192' title='bbox 964 3377 1009 3448; x_wconf 71' lang='lat' dir='ltr'>ele</span> <span class='ocrx_word' id='word_1_193' title='bbox 1021 3377 1199 3452; x_wconf 66' lang='lat' dir='ltr'>levamen</span> 
     </span>
     <span class='ocr_line' id='line_1_28' title="bbox 261 3483 1202 3560; baseline 0 -14"><span class='ocrx_word' id='word_1_194' title='bbox 261 3483 402 3558; x_wconf 74' lang='lat' dir='ltr'>xps‘tpsttt</span> <span class='ocrx_word' id='word_1_195' title='bbox 421 3483 471 3544; x_wconf 75' lang='lat' dir='ltr'>real</span> <span class='ocrx_word' id='word_1_196' title='bbox 490 3486 663 3558; x_wconf 65' lang='lat' dir='ltr'>nestorianos</span> <span class='ocrx_word' id='word_1_197' title='bbox 678 3491 748 3556; x_wconf 72' lang='grc' dir='ltr'>σοὺς</span> <span class='ocrx_word' id='word_1_198' title='bbox 768 3483 1017 3560; x_wconf 65' lang='grc' dir='ltr'>ἐξελέγχοντες,</span> <span class='ocrx_word' id='word_1_199' title='bbox 1039 3486 1126 3548; x_wconf 62' lang='lat' dir='ltr'>alsat</span> <span class='ocrx_word' id='word_1_200' title='bbox 1144 3489 1202 3547; x_wconf 73' lang='grc' dir='ltr'>Ιλ·</span> 
     </span>
     <span class='ocr_line' id='line_1_29' title="bbox 260 3592 1197 3670; baseline 0 -14"><span class='ocrx_word' id='word_1_201' title='bbox 260 3599 334 3664; x_wconf 70' lang='lat' dir='ltr'>iliae</span> <span class='ocrx_word' id='word_1_202' title='bbox 351 3592 540 3670; x_wconf 70' lang='grc' dir='ltr'><strong><em>δλέμχσνσι,</em></strong></span> <span class='ocrx_word' id='word_1_203' title='bbox 566 3595 739 3670; x_wconf 73' lang='grc' dir='ltr'><strong><em>χσίρινσις,</em></strong></span> <span class='ocrx_word' id='word_1_204' title='bbox 769 3597 859 3668; x_wconf 69' lang='grc' dir='ltr'><strong><em>ὅσπερ</em></strong></span> <span class='ocrx_word' id='word_1_205' title='bbox 879 3595 1053 3664; x_wconf 66' lang='grc' dir='ltr'><strong><em>σκυλάκια,</em></strong></span> <span class='ocrx_word' id='word_1_206' title='bbox 1075 3603 1117 3670; x_wconf 70' lang='grc' dir='ltr'>τῦ</span> <span class='ocrx_word' id='word_1_207' title='bbox 1147 3596 1197 3656; x_wconf 66' lang='lat' dir='ltr'>iil·</span> 
     </span>
     <span class='ocr_line' id='line_1_30' title="bbox 259 3703 1201 3784; baseline -0.005 -20"><span class='ocrx_word' id='word_1_208' title='bbox 259 3719 321 3764; x_wconf 69' lang='grc' dir='ltr'><strong><em>κιιι</em></strong></span> <span class='ocrx_word' id='word_1_209' title='bbox 338 3705 388 3762; x_wconf 77' lang='lat' dir='ltr'>real</span> <span class='ocrx_word' id='word_1_210' title='bbox 404 3705 594 3784; x_wconf 64' lang='lat' dir='ltr'>extremo</span> <span class='ocrx_word' id='word_1_211' title='bbox 607 3709 649 3778; x_wconf 68' lang='grc' dir='ltr'>σᾷ</span> <span class='ocrx_word' id='word_1_212' title='bbox 670 3703 753 3778; x_wconf 60' lang='lat' dir='ltr'>slyr</span> <span class='ocrx_word' id='word_1_213' title='bbox 766 3709 836 3775; x_wconf 71' lang='lat' dir='ltr'>rode</span> <span class='ocrx_word' id='word_1_214' title='bbox 850 3707 974 3770; x_wconf 70' lang='grc' dir='ltr'><strong><em>κλισίαι</em></strong></span> <span class='ocrx_word' id='word_1_215' title='bbox 990 3706 1047 3765; x_wconf 81' lang='lat' dir='ltr'>t&#39;erl.</span> <span class='ocrx_word' id='word_1_216' title='bbox 1078 3707 1125 3764; x_wconf 91' lang='lat' dir='ltr'>De</span> <span class='ocrx_word' id='word_1_217' title='bbox 1139 3718 1201 3776; x_wconf 87' lang='lat' dir='ltr'>quo</span> 
     </span>
     <span class='ocr_line' id='line_1_31' title="bbox 259 3811 1200 3890; baseline 0.011 -20"><span class='ocrx_word' id='word_1_218' title='bbox 259 3812 329 3872; x_wconf 92' lang='lat' dir='ltr'>loco</span> <span class='ocrx_word' id='word_1_219' title='bbox 348 3813 483 3887; x_wconf 87' lang='lat' dir='ltr'>quaedam</span> <span class='ocrx_word' id='word_1_220' title='bbox 503 3813 598 3876; x_wconf 81' lang='lat' dir='ltr'>notavi</span> <span class='ocrx_word' id='word_1_221' title='bbox 617 3811 652 3874; x_wconf 84' lang='lat' dir='ltr'>ad</span> <span class='ocrx_word' id='word_1_222' title='bbox 672 3815 815 3882; x_wconf 71' lang='lat' dir='ltr'>Plutarchi</span> <span class='ocrx_word' id='word_1_223' title='bbox 833 3815 976 3890; x_wconf 76' lang='lat' dir='ltr'>libellum,</span> <span class='ocrx_word' id='word_1_224' title='bbox 993 3817 1039 3883; x_wconf 78' lang='lat' dir='ltr'>De</span> <span class='ocrx_word' id='word_1_225' title='bbox 1054 3815 1119 3878; x_wconf 76' lang='lat' dir='ltr'>Sera</span> <span class='ocrx_word' id='word_1_226' title='bbox 1135 3815 1200 3880; x_wconf 57' lang='lat' dir='ltr'>NR·</span> 
     </span>
     <span class='ocr_line' id='line_1_32' title="bbox 250 3919 623 4000; baseline 0.016 -16"><span class='ocrx_word' id='word_1_227' title='bbox 250 3923 341 3990; x_wconf 74' lang='lat' dir='ltr'>mltis</span> <span class='ocrx_word' id='word_1_228' title='bbox 359 3919 503 3986; x_wconf 83' lang='lat' dir='ltr'>Vindicta.</span> <span class='ocrx_word' id='word_1_229' title='bbox 522 3938 553 4000; x_wconf 86' lang='lat' dir='ltr'>p.</span> <span class='ocrx_word' id='word_1_230' title='bbox 576 3937 623 3990; x_wconf 78' lang='grc' dir='ltr'>ιι.</span> 
     </span>
    </p>
   </div>
   <div class='ocr_carea' id='block_1_5' title="bbox 0 0 1258 4712">
    <p class='ocr_par' dir='ltr' id='par_1_8' title="bbox 0 0 1258 4712">
     <span class='ocr_line' id='line_1_33' title="bbox 0 0 1258 4712; baseline 0 0"><span class='ocrx_word' id='word_1_231' title='bbox 0 0 1258 4712; x_wconf 95' lang='lat' dir='ltr'> </span> 
     </span>
    </p>
   </div>
  </div>
 </body>
</html>
