2556 4710
395 459 1059 600 cornutum
1193 515 1196 540 π

458 791 511 840 mx
554 785 774 838 omniun!
817 785 994 836 LIBELLI

272 1011 277 1020 ’
412 1025 1201 1136 amorraeum*

247 1285 359 1422 'on
404 1349 560 1454 sona
589 1345 833 1420 nummus
878 1345 1167 1423 vuuotcrn

527 1671 919 1710 m

254 1879 474 2052 Magnum
494 1965 558 2034 fuit
573 1967 736 2050 ingenium
752 1963 917 2033 Plutarchi
928 2011 941 2048 ‚
952 1985 1068 2054 magna
1082 1967 1187 2036 dime-

252 2083 343 2150 rendi
361 2083 525 2154 subtilitas
545 2099 577 2153 et
595 2083 769 2172 elegantia,
782 2084 963 2151 divinarum
982 2103 1061 2152 vero
1077 2086 1190 2152 huma·

251 2215 431 2281 narumque
457 2218 562 2268 rerum
592 2199 752 2283 scientia,
776 2213 808 2265 et
834 2199 940 2267 omnia
967 2176 1114 2268 lilaeralis
1132 2201 1190 2268 do·

250 2315 370 2382 ctrinae
392 2315 444 2380 vis
469 2316 624 2399 quaedam
646 2314 845 2390 incredibilis
864 2334 901 2386 ac
921 2335 1031 2404 prope
1047 2316 1187 2385 infinita.

249 2431 343 2520 Quae
367 2433 453 2502 bona
476 2433 538 2502 etsi
563 2454 621 2519 per
644 2447 912 2514 nemorosum,
944 2444 981 2497 ut
1003 2433 1188 2501 accessioni

249 2549 364 2626 nuilus
385 2547 517 2616 relictus
538 2549 684 2618 videatur
709 2550 822 2638 locus3
847 2565 985 2632 magnus
1012 2561 1123 2618 tamen
1145 2549 1185 2614 iia

248 2662 387 2734 accessit
412 2663 517 2730 laudis
542 2665 717 2746 cumulus,
741 2665 831 2747 quod
854 2663 976 2731 nonin
994 2684 1051 2736 rea
1069 2667 1190 2736 obscu-

67 2749 69 2772 κ
169 2810 173 2828 r
248 2797 301 2852 ras
320 2794 377 2856 aut
404 2779 443 2846 rui
469 2781 659 2865 captandam
687 2781 876 2868 popularem
902 2799 1037 2866 numm,
1069 2785 1124 2851 sed
1151 2779 1184 2850 io

245 2915 429 2972 remuriam
463 2898 606 2967 omniurn
640 2897 886 2984 gravissimam,
917 2897 950 2965 ln
976 2915 1184 2966 communem

244 3015 377 3085 humani
396 3017 521 3102 generis
540 3015 710 3082 utilitatem
726 3030 895 3100 expromta
915 3013 1062 3082 fuerunt.
1104 3015 1183 3081 Ete-

244 3133 312 3206 nim
331 3135 456 3222 ubique
487 3133 521 3200 ld
546 3132 611 3218 egit
638 3131 851 3214 Plutarchus,
875 3145 913 3196 ut
936 3129 1015 3213 quid
1031 3129 1112 3196 utile
1126 3132 1179 3194 vel

241 3251 454 3328 aecus‚quid
476 3249 665 3336 fugiendum
683 3248 735 3315 vel
752 3247 949 3328 sequendum
969 3247 1118 3326 doceret;
1137 3258 1178 3310 ut

244 3359 422 3431 dotatione
441 3365 553 3450 vitae,
574 3367 613 3432 de
630 3365 741 3432 atudio
759 3363 940 3445 virtutum,
958 3365 997 3432 de
1012 3363 1179 3432 moderan-

241 3479 280 3546 da
304 3475 468 3561 republica
486 3451 677 3562 dissererem
702 3480 841 3562 denique
867 3493 905 3544 ut
931 3471 1175 3560 Philosophiam

241 3591 475 3660 commendaret
508 3615 575 3662 non
618 3615 709 3676 eam,
750 3613 832 3679 quae
863 3613 964 3660 rerum
996 3595 1179 3662 obscurita-

239 3723 292 3796 te,
319 3705 485 3797 grauitatis
502 3725 535 3787 et
560 3711 810 3784 distinctionum
826 3711 996 3800 acumine,
1016 3711 1177 3782 subtilita-

1127 3838 1173 3898 tia
