2506 4712
203 343 341 432 vana
376 355 422 430 n,
461 353 794 430 summanum.
895 353 962 450 tat

7 558 229 630 patuerunt,
247 563 326 614 suos
344 563 493 628 quosque
508 543 542 610 in
561 545 654 614 locos
671 544 835 632 digestas,
848 545 954 634 legen-
976 559 981 570 '

7 659 105 724 tium
124 657 310 743 cognitioni
325 655 548 742 subjiciamus.

59 775 119 842 Ac
132 775 273 860 primurn
290 775 416 858 quidem
430 773 669 862 intelligentiae
680 791 712 843 et
726 781 967 864 cogitationis,

7 915 93 984 quo
114 898 249 966 nomine
265 915 390 994 omnem
414 894 631 980 cognoscendi
649 893 834 962 facultatem
852 894 956 980 signi·

9 1016 188 1096 ficamus,
218 1013 392 1080 naturalem
420 1011 532 1079 habuit
554 1009 761 1078 facilitatem
792 1030 874 1094 quae
892 1011 958 1096 ipsi

10 1127 192 1209 facilitas,
215 1142 253 1194 nt
268 1123 461 1206 reliquarum
485 1123 714 1209 intelligentiae
737 1120 952 1208 facultatum,

15 1247 72 1312 ita
96 1242 200 1311 animi
225 1243 340 1313 dotum
365 1261 577 1326 morumque,
600 1242 676 1309 fons
694 1241 758 1310 fuit
774 1261 810 1308 ac
830 1244 964 1327 ·princi··

17 1367 136 1452 pium.
182 1363 303 1433 Sensus
330 1363 478 1447 corporis
497 1375 584 1430 erant
601 1362 769 1443 valentes,
791 1381 864 1428 cum
885 1363 961 1429 reli·¹

22 1483 112 1568 qui,
135 1497 206 1549 tum
235 1479 418 1550 doctissimi
448 1479 520 1562 illi,
551 1477 644 1545 visus
671 1491 703 1544 et
729 1479 883 1562 auditus,
915 1480 960 1546 ita

22 1616 147 1678 acres,
171 1609 210 1663 ut
235 1611 267 1662 et
294 1596 490 1680 longinquas
520 1612 570 1662 res
596 1611 711 1678 magno
735 1613 773 1660 ex
789 1595 959 1663 interuallo

24 1711 258 1800 perciperent,
274 1765 275 1768 η
290 1725 325 1776 et
345 1710 546 1794 propinquas
573 1709 731 1776 continuo
757 1727 824 1775 non
850 1711 959 1776 solunt

24 1827 152 1912 plene,
174 1823 341 1889 sedetiam
360 1820 554 1888 articulatim
573 1821 805 1903 distincteque,
820 1823 962 1905 comple·

27 1953 212 2011 cterentttr.
235 1935 421 2020 Utrumque
435 1937 475 2004 ad
487 1937 670 2021 elegantiam
684 1936 871 2004 adolescens
887 1953 964 2004 acu·

32 2071 126 2138 erat,
148 2057 285 2122 alterurn
303 2053 474 2134 Musices,
495 2053 627 2121 alterum
644 2051 825 2136 Graphlces
847 2067 962 2120 tracta·

32 2175 140 2244 tione.
182 2171 309 2240 Horum
334 2172 431 2240 aciem
458 2189 612 2238 sensuum
635 2173 719 2239 haud
745 2169 811 2239 fete
834 2187 965 2240 externa

34 2309 92 2360 res
111 2281 275 2376 fugiebata
299 2304 330 2357 et
350 2290 467 2358 mentis
484 2307 520 2356 ea
539 2301 606 2356 erat
622 2289 770 2374 agilitas,
793 2287 883 2358 utils
898 2303 966 2358 sta·

34 2411 99 2474 tim
122 2419 326 2488 moveretur,
348 2405 480 2491 vimque
501 2425 590 2474 suam
618 2405 761 2474 vicissim
781 2409 815 2475 in
839 2427 892 2475 eae
917 2409 965 2477 ina

36 2521 206 2605 tenderet,
230 2537 402 2603 earumque
419 2519 574 2606 imagines
604 2521 639 2588 in
665 2541 717 2604 se,
741 2523 843 2590 veluti
864 2523 898 2591 in
914 2543 967 2590 ce·

39 2654 102 2716 ra,
122 2653 287 2719 expressas
317 2633 511 2718 susciperet.
564 2635 660 2702 Unde
682 2637 856 2706 exsistebat
879 2639 969 2707 doci·

41 2756 119 2824 litas
136 2767 168 2818 et
186 2749 331 2818 celeritas
350 2753 389 2815 ad
408 2751 812 2833 arripiendum,capacitas
833 2756 872 2820 ad
885 2758 969 2822 mul·

38 2865 215 2942 titudinem
234 2881 339 2930 rerum
359 2863 681 2947 comprehendendam
694 2863 842 2946 ,fidesad
858 2885 969 2937 custo·

40 2985 117 3056 diae
133 2969 385 3048 diutumitttemJ
430 2977 555 3045 Paucos
570 2979 712 3062 cognovi
724 2979 894 3065 homines,
911 2987 969 3066 qui
986 3037 988 3044 t

42 3115 133 3169 tanta
157 3094 307 3164 memoria
332 3097 485 3162 valerent.
526 3089 730 3178 Quamquam
753 3097 851 3185 hujus
867 3097 972 3166 felici·

46 3217 125 3287 tatis
141 3211 311 3280 adhibebat
328 3191 525 3294 praecipuam
544 3207 751 3293 adjutricem,
774 3210 855 3280 lecta
872 3213 972 3280 anim·

46 3323 424 3411 adversaqneannotandi
442 3335 473 3388 et
490 3323 523 3388 in
536 3321 713 3390 aduersaria
731 3323 884 3428 referendi
892 3343 972 3418 con,

47 3446 258 3519 suetudinem.
304 3442 365 3508 Sed
390 3456 422 3506 et
444 3441 573 3508 aliatum
597 3459 721 3523 rerum,
751 3445 872 3525 quibus
897 3449 970 3528 nul.

38 3565 82 3636 'la
104 3561 269 3631 adhibetur
294 3559 483 3642 annotatio,
507 3574 600 3628 tenax
615 3575 679 3626 erat
699 3562 870 3649 memoria,
895 3587 969 3638 cum

51 3683 206 3770 legendo,
239 3694 307 3746 tum
333 3678 490 3746 audiendo
516 3691 732 3762 acceptarum.
775 3677 888 3748 Veluti
910 3658 973 3768 1711*-

54 3798 183 3870 storiam
200 3795 244 3864 tei
262 3793 412 3879 publicae
428 3793 585 3877 Batavae,
610 3814 800 3878 quamquam
824 3815 891 3866 non
909 3815 974 3872 tra·
1003 3867 1006 3876 ,

58 3909 145 3982 debet
163 3909 198 3980 in
214 3907 359 3992 scholis,
381 3923 510 3992 nmen,
534 3896 619 3976 haud
637 3929 729 3981 secus
746 3926 842 3998 atque
859 3915 974 3982 Histo-

523 4023 581 4092 Zz
602 4041 625 4109 4
896 4031 977 4104 tan
