2508 4712
212 319 347 412 trae
374 329 420 404 n.
449 287 789 409 turtureum
902 363 988 438 m,

32 511 76 586 in
92 505 315 602 Scriptotibuo
331 503 460 585 Latinio
480 525 633 606 operam
656 535 693 590 ut
711 520 839 594 docum
857 541 890 596 ct
907 549 962 600 aa·

32 649 202 716 curatum,
233 635 341 720 mtgni
375 632 524 720 faceret,
552 638 683 707 nolebat
708 645 906 711 committere
923 661 962 716 ut

32 761 151 830 opus,
174 748 209 815 in
232 765 301 832 quo
326 749 519 834 expoliendo
544 750 600 817 ille
622 751 753 838 triginta
778 753 844 822 iere
860 773 962 826 annon

28 859 300 943 consumsisset,
319 861 441 930 diutius
465 851 485 931 'i
513 863 642 948 publica
668 868 741 934 luet
764 879 796 933 et
824 866 962 938 utilitate

27 973 264 1059 cohiberetur,
286 978 483 1062 petieratque
503 981 543 1046 ab
559 980 791 1066 Oudendorpio
807 981 900 1066 filio,
923 997 963 1050 ut

27 1089 101 1156 cibi
124 1085 306 1158 facultttem
331 1093 419 1160 daret
443 1094 599 1179 Appuleji
621 1095 655 1162 in
675 1098 778 1165 lucem
798 1083 966 1184 proteren-

31 1205 96 1273 di:
126 1223 225 1290 eaque
255 1205 423 1292 impetrata
456 1208 630 1293 facultate,
662 1213 778 1298 reperit
800 1195 964 1300 librarium

31 1323 96 1406 qui
121 1323 303 1409 reciperet,
326 1341 362 1394 te
385 1323 668 1412 Metamorphnein
691 1330 799 1412 primo
821 1348 961 1405 excusu-

30 1457 130 1523 rutn,
151 1441 288 1524 deinde,
309 1441 340 1510 ei
356 1443 436 1511 haec
456 1443 596 1528 cupidos
613 1460 751 1515 emtores
766 1439 964 1536 torenton,

30 1559 186 1644 rulqnoe
221 1559 348 1642 libros,
376 1560 537 1645 Florida,
567 1561 788 1648 Apologiam,
812 1551 965 1639 Philoto-

31 1677 166 1761 phica,
186 1676 379 1746 additurum.
416 1674 522 1761 Igitur
536 1669 752 1747 Ruhnkeniuc
771 1695 966 1749 commenta.

32 1793 112 1860 rint
128 1790 348 1876 Oudendorpii
362 1791 520 1877 ditescit,
542 1787 687 1878 priorum
712 1793 962 1868 animadversio·

28 1923 99 1974 ater
124 1905 352 1990 interpretum,
382 1904 525 1986 Colvii,
556 1902 738 1989 Wowerii,
768 1907 962 1992 stewechii,

27 2019 294 2101 Elmenhoratii‚
316 2032 349 2088 et
369 2019 504 2088 allorum
532 2017 671 2104 adjecit:
704 2019 738 2088 in
768 2022 966 2108 praefatione

31 2141 81 2208 de
113 2136 268 2223 Appuleji
294 2136 468 2219 dictione,
496 2136 536 2204 de
566 2132 791 2222 Oudendorpii
816 2155 911 2240 opera
934 2153 968 2208 et

28 2254 218 2336 cubridiis,
241 2269 305 2322 tam
330 2253 499 2340 diligenter
526 2255 754 2350 eleganterque
787 2255 960 2354 exposuit,

27 2389 73 2443 ut
100 2372 178 2442 hrec
192 2389 328 2457 quoque
354 2373 387 2440 ln
411 2373 579 2442 celebretis
604 2375 761 2445 centendr
777 2377 824 2444 ιιι
841 2375 963 2460 praeia-

25 2489 196 2560 tionibus.
233 2487 373 2574 Reliqua
392 2490 544 2576 Appuleji
566 2509 640 2576 paro
656 2492 762 2560 adhuc
779 2491 814 2560 in
831 2493 961 2562 ontulit
1073 2579 1075 2587 Ι

25 2607 240 2676 contineturt
272 2623 305 2676 et
329 2621 379 2676 ort
406 2625 482 2676 sane
511 2608 624 2677 idonea
656 2609 807 2709 materia,
837 2611 872 2678 in
898 2587 964 2695 qua

27 2723 201 2792 memnon
224 2739 261 2788 ac
288 2722 449 2804 prodenda
475 2723 592 2792 doctu·
612 2722 730 2802 aliquio
753 2725 882 2806 juvenis
903 2727 963 2796 do·

24 2838 160 2908 etrinae
189 2833 333 2902 fructum
358 2831 547 2916 laudemque
578 2846 810 2916 consequatur.
865 2835 962 2906 Plura

26 2961 72 3026 rie
97 2956 161 3022 hnc
179 2949 266 3020 libro
282 2950 424 3020 diximus
441 2948 476 3016 in
490 2949 666 3032 relatione,
685 2948 962 3037 quamvirbrevi,

25 3067 258 3144 Bibliothecae
271 3066 413 3138 criticae
429 3066 508 3135 Vol.
524 3064 582 3134 111.
605 3067 691 3138 Part.
708 3070 737 3137 1.

76 3185 169 3256 Idem
188 3183 361 3265 eitempue
385 3181 574 3250 conciliarit
595 3182 744 3252 notitiam
770 3183 959 3252 amicitiant·
1010 3158 1012 3171 ¹

27 3321 105 3391 que
125 3299 172 3372 G.
194 3299 238 3368 L.
265 3298 467 3385 Spaldiugii,
489 3299 625 3384 ueprntl
651 3301 783 3386 ingenio
800 3302 963 3372 doctrina·

28 3439 104 3510 que
125 3417 277 3505 juvenis,
300 3434 357 3502 pet
377 3416 503 3499 aliquot
526 3433 652 3486 mentes
675 3417 763 3502 apud
788 3437 850 3488 nor
875 3437 966 3502 pere·

28 3534 210 3626 grimutio.
254 3532 304 3602 De
321 3551 389 3616 quo
405 3551 505 3618 quuur
524 3535 607 3602 idem
628 3533 798 3618 utriunque
808 3547 960 3611 noctram

26 3651 138 3724 fuerit
161 3667 298 3736 rentur,
321 3665 389 3718 non
412 3667 547 3734 pontum
573 3649 677 3720 iacere
694 3651 775 3734 quin
798 3669 956 3736 apponam
1090 3669 1097 3684 ⁸

29 3769 148 3834 locunt
169 3781 209 3830 ert
222 3764 292 3850 elur
307 3764 347 3832 ad
366 3781 418 3830 ure
433 3763 507 3831 data
522 3764 662 3848 epistola
686 3781 793 3833 tuente
815 3765 961 3838 Novem·

29 3879 99 3950 bct
121 3877 197 3988 anui
227 3878 330 3962 17862
366 3923 395 3966 ,‚
422 3877 501 3950 Nun
526 3878 673 4061 dzbitffi
697 3881 807 3970 inquit
836 3929 865 3968 „
882 3885 963 4058 qui?

586 4010 610 4081 l
899 4013 933 4063 Ι*
953 4023 969 4049 ·
