<?xml version="1.0" encoding="UTF-8"?>
<!DOCTYPE html PUBLIC "-//W3C//DTD XHTML 1.0 Transitional//EN"
    "http://www.w3.org/TR/xhtml1/DTD/xhtml1-transitional.dtd">
<html xmlns="http://www.w3.org/1999/xhtml" xml:lang="en" lang="en">
 <head>
  <title>
</title>
<meta http-equiv="Content-Type" content="text/html;charset=utf-8" />
  <meta name='ocr-system' content='tesseract 3.04.00' />
  <meta name='ocr-capabilities' content='ocr_page ocr_carea ocr_par ocr_line ocrx_word'/>
</head>
<body>
  <div class='ocr_page' id='page_1' title='image "./opusculavariiar01wyttgoog_0728.png"; bbox 0 0 2506 4712; ppageno 0'>
   <div class='ocr_carea' id='block_1_1' title="bbox 211 257 990 355">
    <p class='ocr_par' dir='ltr' id='par_1_1' title="bbox 211 257 990 355">
     <span class='ocr_line' id='line_1_1' title="bbox 211 257 990 355; baseline -0.013 -25"><span class='ocrx_word' id='word_1_1' title='bbox 211 259 347 330; x_wconf 76' lang='lat' dir='ltr'>vrrs</span> <span class='ocrx_word' id='word_1_2' title='bbox 376 258 423 328; x_wconf 88' lang='lat' dir='ltr'>n.</span> <span class='ocrx_word' id='word_1_3' title='bbox 455 257 799 331; x_wconf 81' lang='lat' dir='ltr'>uuuuneuu.</span> <span class='ocrx_word' id='word_1_4' title='bbox 908 283 990 355; x_wconf 74' lang='lat' dir='ltr'>ras</span> 
     </span>
    </p>
   </div>
   <div class='ocr_carea' id='block_1_2' title="bbox 5 443 1033 4015">
    <p class='ocr_par' dir='ltr' id='par_1_2' title="bbox 5 443 1033 4015">
     <span class='ocr_line' id='line_1_2' title="bbox 5 443 974 536; baseline 0.003 -20"><span class='ocrx_word' id='word_1_5' title='bbox 5 465 7 472; x_wconf 87' lang='lat'>·</span> <span class='ocrx_word' id='word_1_6' title='bbox 34 460 153 536; x_wconf 80' lang='lat' dir='ltr'>partes</span> <span class='ocrx_word' id='word_1_7' title='bbox 179 445 247 513; x_wconf 89' lang='lat' dir='ltr'>loti</span> <span class='ocrx_word' id='word_1_8' title='bbox 271 443 466 514; x_wconf 88' lang='lat' dir='ltr'>difficiliores</span> <span class='ocrx_word' id='word_1_9' title='bbox 492 445 731 528; x_wconf 87' lang='lat' dir='ltr'>interpretando</span> <span class='ocrx_word' id='word_1_10' title='bbox 765 449 974 531; x_wconf 75' lang='lat' dir='ltr'>expediebat:</span> 
     </span>
     <span class='ocr_line' id='line_1_3' title="bbox 36 565 976 660; baseline -0.005 -22"><span class='ocrx_word' id='word_1_11' title='bbox 36 571 133 638; x_wconf 88' lang='lat' dir='ltr'>unde</span> <span class='ocrx_word' id='word_1_12' title='bbox 158 566 354 660; x_wconf 86' lang='lat' dir='ltr'>discentium</span> <span class='ocrx_word' id='word_1_13' title='bbox 378 579 410 630; x_wconf 91' lang='lat' dir='ltr'>et</span> <span class='ocrx_word' id='word_1_14' title='bbox 427 583 619 649; x_wconf 86' lang='lat' dir='ltr'>progressus</span> <span class='ocrx_word' id='word_1_15' title='bbox 641 565 836 649; x_wconf 80' lang='lat' dir='ltr'>juvabatur,</span> <span class='ocrx_word' id='word_1_16' title='bbox 859 582 891 632; x_wconf 92' lang='lat' dir='ltr'>et</span> <span class='ocrx_word' id='word_1_17' title='bbox 905 583 976 633; x_wconf 90' lang='lat' dir='ltr'>stu·</span> 
     </span>
     <span class='ocr_line' id='line_1_4' title="bbox 35 660 974 762; baseline -0.005 -11"><span class='ocrx_word' id='word_1_18' title='bbox 35 686 138 758; x_wconf 88' lang='lat' dir='ltr'>diurn</span> <span class='ocrx_word' id='word_1_19' title='bbox 164 660 405 750; x_wconf 66' lang='lat' dir='ltr'><strong>intendebatur.</strong></span> <span class='ocrx_word' id='word_1_20' title='bbox 448 680 519 762; x_wconf 88' lang='lat' dir='ltr'>Hi,</span> <span class='ocrx_word' id='word_1_21' title='bbox 540 683 598 748; x_wconf 85' lang='lat' dir='ltr'>tali</span> <span class='ocrx_word' id='word_1_22' title='bbox 625 683 749 750; x_wconf 88' lang='lat' dir='ltr'>ratione</span> <span class='ocrx_word' id='word_1_23' title='bbox 773 684 859 750; x_wconf 90' lang='lat' dir='ltr'>lecto</span> <span class='ocrx_word' id='word_1_24' title='bbox 878 683 974 762; x_wconf 91' lang='lat' dir='ltr'>loco,</span> 
     </span>
     <span class='ocr_line' id='line_1_5' title="bbox 34 795 981 888; baseline -0.016 -16"><span class='ocrx_word' id='word_1_25' title='bbox 34 817 250 888; x_wconf 83' lang='lat' dir='ltr'>spontesua</span> <span class='ocrx_word' id='word_1_26' title='bbox 271 801 311 866; x_wconf 91' lang='lat' dir='ltr'>ad</span> <span class='ocrx_word' id='word_1_27' title='bbox 334 813 439 866; x_wconf 91' lang='lat' dir='ltr'>totum</span> <span class='ocrx_word' id='word_1_28' title='bbox 465 799 639 865; x_wconf 80' lang='lat' dir='ltr'>Auctorem</span> <span class='ocrx_word' id='word_1_29' title='bbox 660 798 882 886; x_wconf 81' lang='lat' dir='ltr'>perlegendum</span> <span class='ocrx_word' id='word_1_30' title='bbox 898 795 981 867; x_wconf 87' lang='lat' dir='ltr'>fere.</span> 
     </span>
     <span class='ocr_line' id='line_1_6' title="bbox 34 913 980 1001; baseline -0.004 -17"><span class='ocrx_word' id='word_1_31' title='bbox 34 917 180 988; x_wconf 83' lang='lat' dir='ltr'><strong>bantur.</strong></span> <span class='ocrx_word' id='word_1_32' title='bbox 225 913 324 1001; x_wconf 89' lang='lat' dir='ltr'>Quod</span> <span class='ocrx_word' id='word_1_33' title='bbox 342 915 418 982; x_wconf 89' lang='lat' dir='ltr'>dum</span> <span class='ocrx_word' id='word_1_34' title='bbox 443 913 603 998; x_wconf 78' lang='lat' dir='ltr'>egebant,</span> <span class='ocrx_word' id='word_1_35' title='bbox 626 915 776 982; x_wconf 90' lang='lat' dir='ltr'>monebat</span> <span class='ocrx_word' id='word_1_36' title='bbox 795 933 852 982; x_wconf 91' lang='lat' dir='ltr'>eos</span> <span class='ocrx_word' id='word_1_37' title='bbox 876 913 980 996; x_wconf 88' lang='lat' dir='ltr'>item,</span> 
     </span>
     <span class='ocr_line' id='line_1_7' title="bbox 41 1025 981 1114; baseline -0.007 -14"><span class='ocrx_word' id='word_1_38' title='bbox 41 1046 86 1100; x_wconf 89' lang='lat' dir='ltr'>ut</span> <span class='ocrx_word' id='word_1_39' title='bbox 113 1029 286 1114; x_wconf 82' lang='lat' dir='ltr'>diligenter</span> <span class='ocrx_word' id='word_1_40' title='bbox 312 1026 599 1096; x_wconf 87' lang='lat' dir='ltr'>animadverterent</span> <span class='ocrx_word' id='word_1_41' title='bbox 630 1029 723 1094; x_wconf 86' lang='lat' dir='ltr'>locos</span> <span class='ocrx_word' id='word_1_42' title='bbox 756 1025 917 1094; x_wconf 84' lang='lat' dir='ltr'>obscuros</span> <span class='ocrx_word' id='word_1_43' title='bbox 944 1043 981 1094; x_wconf 86' lang='lat' dir='ltr'>ae</span> 
     </span>
     <span class='ocr_line' id='line_1_8' title="bbox 41 1129 1008 1228; baseline -0.006 -14"><span class='ocrx_word' id='word_1_44' title='bbox 41 1143 215 1224; x_wconf 75' lang='lat' dir='ltr'>difficiles,</span> <span class='ocrx_word' id='word_1_45' title='bbox 245 1131 284 1210; x_wconf 82' lang='lat' dir='ltr'>de</span> <span class='ocrx_word' id='word_1_46' title='bbox 310 1141 417 1226; x_wconf 89' lang='lat' dir='ltr'>iisque</span> <span class='ocrx_word' id='word_1_47' title='bbox 443 1143 652 1228; x_wconf 82' lang='lat' dir='ltr'>judicarent,</span> <span class='ocrx_word' id='word_1_48' title='bbox 684 1157 793 1208; x_wconf 83' lang='lat' dir='ltr'>utrum</span> <span class='ocrx_word' id='word_1_49' title='bbox 828 1129 1008 1228; x_wconf 57' lang='lat' dir='ltr'>interme-⁸</span> 
     </span>
     <span class='ocr_line' id='line_1_9' title="bbox 43 1253 985 1340; baseline -0.015 -8"><span class='ocrx_word' id='word_1_50' title='bbox 43 1261 151 1332; x_wconf 88' lang='lat' dir='ltr'>tando</span> <span class='ocrx_word' id='word_1_51' title='bbox 170 1277 211 1326; x_wconf 88' lang='lat' dir='ltr'>an</span> <span class='ocrx_word' id='word_1_52' title='bbox 225 1257 421 1324; x_wconf 85' lang='lat' dir='ltr'>emendando</span> <span class='ocrx_word' id='word_1_53' title='bbox 438 1255 625 1340; x_wconf 88' lang='lat' dir='ltr'>expediendi</span> <span class='ocrx_word' id='word_1_54' title='bbox 643 1269 763 1322; x_wconf 88' lang='lat' dir='ltr'>essent.</span> <span class='ocrx_word' id='word_1_55' title='bbox 808 1253 871 1320; x_wconf 88' lang='lat' dir='ltr'>Sed</span> <span class='ocrx_word' id='word_1_56' title='bbox 891 1255 985 1339; x_wconf 74' lang='lat' dir='ltr'>iuve-</span> 
     </span>
     <span class='ocr_line' id='line_1_10' title="bbox 47 1365 984 1457; baseline -0.014 -13"><span class='ocrx_word' id='word_1_57' title='bbox 47 1375 120 1444; x_wconf 90' lang='lat' dir='ltr'>nile</span> <span class='ocrx_word' id='word_1_58' title='bbox 137 1369 301 1457; x_wconf 84' lang='lat' dir='ltr'>ingenium</span> <span class='ocrx_word' id='word_1_59' title='bbox 327 1367 393 1436; x_wconf 87' lang='lat' dir='ltr'>fere</span> <span class='ocrx_word' id='word_1_60' title='bbox 417 1368 457 1435; x_wconf 87' lang='lat' dir='ltr'>ad</span> <span class='ocrx_word' id='word_1_61' title='bbox 479 1365 733 1436; x_wconf 82' lang='lat' dir='ltr'>emendationem</span> <span class='ocrx_word' id='word_1_62' title='bbox 749 1368 897 1453; x_wconf 87' lang='lat' dir='ltr'>proclive</span> <span class='ocrx_word' id='word_1_63' title='bbox 910 1379 984 1448; x_wconf 86' lang='lat' dir='ltr'>est,</span> 
     </span>
     <span class='ocr_line' id='line_1_11' title="bbox 47 1481 986 1574; baseline -0.003 -23"><span class='ocrx_word' id='word_1_64' title='bbox 47 1487 192 1574; x_wconf 85' lang='lat' dir='ltr'>ejusque</span> <span class='ocrx_word' id='word_1_65' title='bbox 205 1483 338 1554; x_wconf 87' lang='lat' dir='ltr'>audacia</span> <span class='ocrx_word' id='word_1_66' title='bbox 353 1483 501 1569; x_wconf 79' lang='lat' dir='ltr'>capitur:</span> <span class='ocrx_word' id='word_1_67' title='bbox 516 1481 790 1567; x_wconf 79' lang='lat' dir='ltr'>interpretationis</span> <span class='ocrx_word' id='word_1_68' title='bbox 807 1481 908 1550; x_wconf 88' lang='lat' dir='ltr'>veluti</span> <span class='ocrx_word' id='word_1_69' title='bbox 919 1482 986 1548; x_wconf 91' lang='lat' dir='ltr'>len·</span> 
     </span>
     <span class='ocr_line' id='line_1_12' title="bbox 47 1597 988 1682; baseline 0.002 -16"><span class='ocrx_word' id='word_1_70' title='bbox 47 1615 125 1678; x_wconf 79' lang='lat' dir='ltr'>turn</span> <span class='ocrx_word' id='word_1_71' title='bbox 141 1601 203 1668; x_wconf 92' lang='lat' dir='ltr'>iter</span> <span class='ocrx_word' id='word_1_72' title='bbox 218 1598 352 1678; x_wconf 79' lang='lat' dir='ltr'>fastidit,</span> <span class='ocrx_word' id='word_1_73' title='bbox 382 1601 446 1678; x_wconf 75' lang='lat' dir='ltr'>list</span> <span class='ocrx_word' id='word_1_74' title='bbox 465 1618 540 1668; x_wconf 89' lang='lat' dir='ltr'>sane</span> <span class='ocrx_word' id='word_1_75' title='bbox 562 1597 739 1668; x_wconf 86' lang='lat' dir='ltr'>emendatio</span> <span class='ocrx_word' id='word_1_76' title='bbox 758 1615 878 1666; x_wconf 87' lang='lat' dir='ltr'>munus</span> <span class='ocrx_word' id='word_1_77' title='bbox 894 1615 988 1682; x_wconf 79' lang='lat' dir='ltr'>prae·</span> 
     </span>
     <span class='ocr_line' id='line_1_13' title="bbox 52 1713 986 1805; baseline -0.004 -21"><span class='ocrx_word' id='word_1_78' title='bbox 52 1717 194 1800; x_wconf 88' lang='lat' dir='ltr'>cipuurn</span> <span class='ocrx_word' id='word_1_79' title='bbox 214 1716 377 1805; x_wconf 77' lang='lat' dir='ltr'>critices,</span> <span class='ocrx_word' id='word_1_80' title='bbox 400 1717 536 1805; x_wconf 67' lang='lat' dir='ltr'>eiusque</span> <span class='ocrx_word' id='word_1_81' title='bbox 555 1714 708 1784; x_wconf 88' lang='lat' dir='ltr'>tirocinio</span> <span class='ocrx_word' id='word_1_82' title='bbox 732 1729 806 1798; x_wconf 88' lang='lat' dir='ltr'>apta</span> <span class='ocrx_word' id='word_1_83' title='bbox 822 1713 855 1780; x_wconf 90' lang='lat' dir='ltr'>in</span> <span class='ocrx_word' id='word_1_84' title='bbox 872 1714 986 1798; x_wconf 90' lang='lat' dir='ltr'>primis</span> 
     </span>
     <span class='ocr_line' id='line_1_14' title="bbox 56 1828 989 1918; baseline -0.009 -16"><span class='ocrx_word' id='word_1_85' title='bbox 56 1832 211 1918; x_wconf 88' lang='lat' dir='ltr'>materia,</span> <span class='ocrx_word' id='word_1_86' title='bbox 234 1851 309 1900; x_wconf 87' lang='lat' dir='ltr'>cun</span> <span class='ocrx_word' id='word_1_87' title='bbox 329 1831 555 1906; x_wconf 80' lang='lat' dir='ltr'>exercitatione</span> <span class='ocrx_word' id='word_1_88' title='bbox 579 1830 719 1916; x_wconf 88' lang='lat' dir='ltr'>ingenii,</span> <span class='ocrx_word' id='word_1_89' title='bbox 743 1845 811 1898; x_wconf 87' lang='lat' dir='ltr'>tum</span> <span class='ocrx_word' id='word_1_90' title='bbox 827 1828 989 1901; x_wconf 75' lang='lat' dir='ltr'>illecebris</span> 
     </span>
     <span class='ocr_line' id='line_1_15' title="bbox 53 1949 990 2036; baseline -0.002 -16"><span class='ocrx_word' id='word_1_91' title='bbox 53 1951 217 2022; x_wconf 86' lang='lat' dir='ltr'>excitandi</span> <span class='ocrx_word' id='word_1_92' title='bbox 244 1954 465 2036; x_wconf 87' lang='lat' dir='ltr'>retinendique</span> <span class='ocrx_word' id='word_1_93' title='bbox 481 1950 600 2024; x_wconf 78' lang='lat' dir='ltr'>studii:</span> <span class='ocrx_word' id='word_1_94' title='bbox 626 1951 682 2016; x_wconf 87' lang='lat' dir='ltr'>sed</span> <span class='ocrx_word' id='word_1_95' title='bbox 704 1957 755 2018; x_wconf 86' lang='lat' dir='ltr'>est</span> <span class='ocrx_word' id='word_1_96' title='bbox 770 1951 899 2032; x_wconf 84' lang='lat' dir='ltr'>eadem,</span> <span class='ocrx_word' id='word_1_97' title='bbox 922 1949 990 2018; x_wconf 89' lang='lat' dir='ltr'>nisi</span> 
     </span>
     <span class='ocr_line' id='line_1_16' title="bbox 53 2067 989 2155; baseline -0.003 -19"><span class='ocrx_word' id='word_1_98' title='bbox 53 2070 182 2146; x_wconf 81' lang='lat' dir='ltr'>ratione</span> <span class='ocrx_word' id='word_1_99' title='bbox 196 2084 229 2136; x_wconf 93' lang='lat' dir='ltr'>et</span> <span class='ocrx_word' id='word_1_100' title='bbox 243 2069 367 2155; x_wconf 88' lang='lat' dir='ltr'>judicio</span> <span class='ocrx_word' id='word_1_101' title='bbox 386 2082 533 2154; x_wconf 81' lang='lat' dir='ltr'>tegatur,</span> <span class='ocrx_word' id='word_1_102' title='bbox 556 2075 660 2152; x_wconf 91' lang='lat' dir='ltr'>prona</span> <span class='ocrx_word' id='word_1_103' title='bbox 671 2067 712 2134; x_wconf 87' lang='lat' dir='ltr'>ad</span> <span class='ocrx_word' id='word_1_104' title='bbox 726 2067 932 2139; x_wconf 88' lang='lat' dir='ltr'>temeritatem</span> <span class='ocrx_word' id='word_1_105' title='bbox 949 2085 989 2133; x_wconf 89' lang='lat' dir='ltr'>ac</span> 
     </span>
     <span class='ocr_line' id='line_1_17' title="bbox 57 2181 988 2271; baseline -0.005 -18"><span class='ocrx_word' id='word_1_106' title='bbox 57 2184 239 2254; x_wconf 89' lang='lat' dir='ltr'>libidinem.</span> <span class='ocrx_word' id='word_1_107' title='bbox 262 2185 371 2271; x_wconf 85' lang='lat' dir='ltr'>Igitur</span> <span class='ocrx_word' id='word_1_108' title='bbox 387 2184 515 2252; x_wconf 88' lang='lat' dir='ltr'>nolebat</span> <span class='ocrx_word' id='word_1_109' title='bbox 534 2183 875 2251; x_wconf 82' lang='lat' dir='ltr'>adolescentes-adhuc</span> <span class='ocrx_word' id='word_1_110' title='bbox 892 2181 988 2248; x_wconf 88' lang='lat' dir='ltr'>rudes</span> 
     </span>
     <span class='ocr_line' id='line_1_18' title="bbox 60 2297 989 2386; baseline -0.006 -16"><span class='ocrx_word' id='word_1_111' title='bbox 60 2303 192 2380; x_wconf 85' lang='lat' dir='ltr'>aliatum</span> <span class='ocrx_word' id='word_1_112' title='bbox 207 2305 478 2386; x_wconf 84' lang='lat' dir='ltr'>rerum‚necdutn</span> <span class='ocrx_word' id='word_1_113' title='bbox 494 2302 512 2369; x_wconf 78' lang='lat' dir='ltr'>a</span> <span class='ocrx_word' id='word_1_114' title='bbox 521 2301 645 2386; x_wconf 85' lang='lat' dir='ltr'>judicio</span> <span class='ocrx_word' id='word_1_115' title='bbox 656 2317 801 2384; x_wconf 87' lang='lat' dir='ltr'>paratos,</span> <span class='ocrx_word' id='word_1_116' title='bbox 809 2311 841 2364; x_wconf 93' lang='lat' dir='ltr'>et</span> <span class='ocrx_word' id='word_1_117' title='bbox 849 2297 989 2366; x_wconf 90' lang='lat' dir='ltr'>lectione</span> 
     </span>
     <span class='ocr_line' id='line_1_19' title="bbox 62 2403 992 2504; baseline -0.003 -19"><span class='ocrx_word' id='word_1_118' title='bbox 62 2419 374 2504; x_wconf 86' lang='lat' dir='ltr'>usuqueScriptoris</span> <span class='ocrx_word' id='word_1_119' title='bbox 391 2418 545 2490; x_wconf 87' lang='lat' dir='ltr'>tractandi</span> <span class='ocrx_word' id='word_1_120' title='bbox 556 2403 656 2501; x_wconf 81' lang='lat' dir='ltr'>probe</span> <span class='ocrx_word' id='word_1_121' title='bbox 666 2431 809 2484; x_wconf 86' lang='lat' dir='ltr'>versatos</span> <span class='ocrx_word' id='word_1_122' title='bbox 819 2461 832 2498; x_wconf 89' lang='lat'>,</span> <span class='ocrx_word' id='word_1_123' title='bbox 843 2416 992 2482; x_wconf 86' lang='lat' dir='ltr'>emenda·</span> 
     </span>
     <span class='ocr_line' id='line_1_20' title="bbox 61 2533 989 2618; baseline 0.002 -18"><span class='ocrx_word' id='word_1_124' title='bbox 61 2536 183 2610; x_wconf 84' lang='lat' dir='ltr'>tionem</span> <span class='ocrx_word' id='word_1_125' title='bbox 197 2535 354 2608; x_wconf 84' lang='lat' dir='ltr'>iactitare.</span> <span class='ocrx_word' id='word_1_126' title='bbox 392 2535 456 2610; x_wconf 87' lang='lat' dir='ltr'>His</span> <span class='ocrx_word' id='word_1_127' title='bbox 469 2536 595 2606; x_wconf 90' lang='lat' dir='ltr'>demum</span> <span class='ocrx_word' id='word_1_128' title='bbox 612 2534 780 2618; x_wconf 86' lang='lat' dir='ltr'>praesidiis</span> <span class='ocrx_word' id='word_1_129' title='bbox 794 2533 989 2602; x_wconf 85' lang='lat' dir='ltr'>instrumen-</span> 
     </span>
     <span class='ocr_line' id='line_1_21' title="bbox 61 2649 993 2733; baseline 0.002 -17"><span class='ocrx_word' id='word_1_130' title='bbox 61 2649 172 2733; x_wconf 86' lang='lat' dir='ltr'>tisque</span> <span class='ocrx_word' id='word_1_131' title='bbox 190 2652 283 2731; x_wconf 85' lang='lat' dir='ltr'>quasi</span> <span class='ocrx_word' id='word_1_132' title='bbox 299 2666 461 2730; x_wconf 86' lang='lat' dir='ltr'>armatos,</span> <span class='ocrx_word' id='word_1_133' title='bbox 481 2653 613 2733; x_wconf 83' lang='lat' dir='ltr'>jubebat</span> <span class='ocrx_word' id='word_1_134' title='bbox 631 2651 750 2720; x_wconf 87' lang='lat' dir='ltr'>librum</span> <span class='ocrx_word' id='word_1_135' title='bbox 770 2651 889 2720; x_wconf 85' lang='lat' dir='ltr'>lectum</span> <span class='ocrx_word' id='word_1_136' title='bbox 912 2650 993 2718; x_wconf 85' lang='lat' dir='ltr'>tele-</span> 
     </span>
     <span class='ocr_line' id='line_1_22' title="bbox 62 2761 995 2854; baseline -0.002 -21"><span class='ocrx_word' id='word_1_137' title='bbox 62 2785 159 2854; x_wconf 87' lang='lat' dir='ltr'>gere,</span> <span class='ocrx_word' id='word_1_138' title='bbox 181 2765 275 2831; x_wconf 91' lang='lat' dir='ltr'>locos</span> <span class='ocrx_word' id='word_1_139' title='bbox 302 2776 476 2848; x_wconf 90' lang='lat' dir='ltr'>corruptos</span> <span class='ocrx_word' id='word_1_140' title='bbox 505 2761 773 2840; x_wconf 84' lang='lat' dir='ltr'>animadvertere,</span> <span class='ocrx_word' id='word_1_141' title='bbox 795 2764 995 2832; x_wconf 81' lang='lat' dir='ltr'>animadver·</span> 
     </span>
     <span class='ocr_line' id='line_1_23' title="bbox 62 2874 993 2964; baseline -0.006 -12"><span class='ocrx_word' id='word_1_142' title='bbox 62 2899 124 2952; x_wconf 83' lang='lat' dir='ltr'>sos</span> <span class='ocrx_word' id='word_1_143' title='bbox 142 2879 207 2964; x_wconf 89' lang='lat' dir='ltr'>ipsi</span> <span class='ocrx_word' id='word_1_144' title='bbox 224 2892 421 2946; x_wconf 87' lang='lat' dir='ltr'>monstrare:</span> <span class='ocrx_word' id='word_1_145' title='bbox 442 2889 640 2944; x_wconf 90' lang='lat' dir='ltr'>monstratos</span> <span class='ocrx_word' id='word_1_146' title='bbox 656 2874 727 2959; x_wconf 89' lang='lat' dir='ltr'>ipse</span> <span class='ocrx_word' id='word_1_147' title='bbox 744 2877 900 2942; x_wconf 86' lang='lat' dir='ltr'>tractabat</span> <span class='ocrx_word' id='word_1_148' title='bbox 915 2896 993 2947; x_wconf 86' lang='lat' dir='ltr'>curn</span> 
     </span>
     <span class='ocr_line' id='line_1_24' title="bbox 65 2992 996 3079; baseline -0.006 -13"><span class='ocrx_word' id='word_1_149' title='bbox 65 2998 235 3078; x_wconf 86' lang='lat' dir='ltr'>discente,</span> <span class='ocrx_word' id='word_1_150' title='bbox 258 2996 379 3061; x_wconf 86' lang='lat' dir='ltr'>docens</span> <span class='ocrx_word' id='word_1_151' title='bbox 391 3010 463 3059; x_wconf 88' lang='lat' dir='ltr'>eum</span> <span class='ocrx_word' id='word_1_152' title='bbox 477 2994 642 3079; x_wconf 88' lang='lat' dir='ltr'>judicare,</span> <span class='ocrx_word' id='word_1_153' title='bbox 665 2992 722 3076; x_wconf 89' lang='lat' dir='ltr'>qui</span> <span class='ocrx_word' id='word_1_154' title='bbox 738 2992 828 3073; x_wconf 84' lang='lat' dir='ltr'>sani,</span> <span class='ocrx_word' id='word_1_155' title='bbox 849 2993 906 3075; x_wconf 84' lang='lat' dir='ltr'>qui</span> <span class='ocrx_word' id='word_1_156' title='bbox 921 3011 996 3060; x_wconf 89' lang='lat' dir='ltr'>cor·</span> 
     </span>
     <span class='ocr_line' id='line_1_25' title="bbox 68 3108 1033 3198; baseline -0.004 -18"><span class='ocrx_word' id='word_1_157' title='bbox 68 3110 181 3196; x_wconf 88' lang='lat' dir='ltr'>rupti,</span> <span class='ocrx_word' id='word_1_158' title='bbox 205 3125 313 3177; x_wconf 88' lang='lat' dir='ltr'>essent</span> <span class='ocrx_word' id='word_1_159' title='bbox 329 3109 407 3184; x_wconf 81' lang='lat' dir='ltr'>loci.</span> <span class='ocrx_word' id='word_1_160' title='bbox 456 3109 571 3198; x_wconf 90' lang='lat' dir='ltr'>Quos,</span> <span class='ocrx_word' id='word_1_161' title='bbox 594 3108 706 3184; x_wconf 88' lang='lat' dir='ltr'>habito</span> <span class='ocrx_word' id='word_1_162' title='bbox 720 3108 867 3194; x_wconf 90' lang='lat' dir='ltr'>judicio,</span> <span class='ocrx_word' id='word_1_163' title='bbox 883 3128 996 3183; x_wconf 83' lang='lat' dir='ltr'>eorru·</span> <span class='ocrx_word' id='word_1_164' title='bbox 1031 3143 1033 3146; x_wconf 96' lang='lat'>·</span> 
     </span>
     <span class='ocr_line' id='line_1_26' title="bbox 74 3223 997 3320; baseline 0.004 -26"><span class='ocrx_word' id='word_1_165' title='bbox 74 3241 152 3320; x_wconf 88' lang='lat' dir='ltr'>ptos</span> <span class='ocrx_word' id='word_1_166' title='bbox 168 3244 238 3294; x_wconf 85' lang='lat' dir='ltr'>esse</span> <span class='ocrx_word' id='word_1_167' title='bbox 255 3241 437 3314; x_wconf 76' lang='lat' dir='ltr'>constaret,</span> <span class='ocrx_word' id='word_1_168' title='bbox 454 3227 545 3312; x_wconf 87' lang='lat' dir='ltr'>ipse,</span> <span class='ocrx_word' id='word_1_169' title='bbox 568 3225 672 3296; x_wconf 88' lang='lat' dir='ltr'>inscio</span> <span class='ocrx_word' id='word_1_170' title='bbox 690 3223 855 3307; x_wconf 86' lang='lat' dir='ltr'>discente,</span> <span class='ocrx_word' id='word_1_171' title='bbox 877 3227 997 3298; x_wconf 81' lang='lat' dir='ltr'>tacitus</span> 
     </span>
     <span class='ocr_line' id='line_1_27' title="bbox 70 3346 996 3429; baseline 0.004 -15"><span class='ocrx_word' id='word_1_172' title='bbox 70 3346 276 3429; x_wconf 85' lang='lat' dir='ltr'>emendabat,</span> <span class='ocrx_word' id='word_1_173' title='bbox 307 3349 401 3429; x_wconf 89' lang='lat' dir='ltr'>elque</span> <span class='ocrx_word' id='word_1_174' title='bbox 423 3347 635 3415; x_wconf 88' lang='lat' dir='ltr'>emendandos</span> <span class='ocrx_word' id='word_1_175' title='bbox 662 3346 829 3420; x_wconf 84' lang='lat' dir='ltr'>tradebat:</span> <span class='ocrx_word' id='word_1_176' title='bbox 861 3363 996 3418; x_wconf 77' lang='lat' dir='ltr'>monens</span> 
     </span>
     <span class='ocr_line' id='line_1_28' title="bbox 73 3463 996 3550; baseline 0.001 -19"><span class='ocrx_word' id='word_1_177' title='bbox 73 3478 112 3531; x_wconf 90' lang='lat' dir='ltr'>ut</span> <span class='ocrx_word' id='word_1_178' title='bbox 131 3479 232 3531; x_wconf 88' lang='lat' dir='ltr'>toturn</span> <span class='ocrx_word' id='word_1_179' title='bbox 251 3463 358 3536; x_wconf 86' lang='lat' dir='ltr'>locum</span> <span class='ocrx_word' id='word_1_180' title='bbox 380 3464 507 3546; x_wconf 87' lang='lat' dir='ltr'>saepius</span> <span class='ocrx_word' id='word_1_181' title='bbox 525 3466 667 3550; x_wconf 78' lang='lat' dir='ltr'>legeret,</span> <span class='ocrx_word' id='word_1_182' title='bbox 691 3464 904 3534; x_wconf 82' lang='lat' dir='ltr'>antecedentia</span> <span class='ocrx_word' id='word_1_183' title='bbox 919 3481 996 3536; x_wconf 86' lang='lat' dir='ltr'>cunr</span> 
     </span>
     <span class='ocr_line' id='line_1_29' title="bbox 74 3577 996 3662; baseline 0.004 -18"><span class='ocrx_word' id='word_1_184' title='bbox 74 3577 285 3660; x_wconf 82' lang='lat' dir='ltr'>sequentibus</span> <span class='ocrx_word' id='word_1_185' title='bbox 308 3591 455 3646; x_wconf 90' lang='lat' dir='ltr'>accurate</span> <span class='ocrx_word' id='word_1_186' title='bbox 473 3593 693 3662; x_wconf 85' lang='lat' dir='ltr'>compararet,</span> <span class='ocrx_word' id='word_1_187' title='bbox 716 3581 837 3662; x_wconf 86' lang='lat' dir='ltr'>ipsese</span> <span class='ocrx_word' id='word_1_188' title='bbox 862 3578 996 3662; x_wconf 90' lang='lat' dir='ltr'>penitus</span> 
     </span>
     <span class='ocr_line' id='line_1_30' title="bbox 76 3693 1001 3786; baseline 0.005 -24"><span class='ocrx_word' id='word_1_189' title='bbox 76 3695 110 3768; x_wconf 90' lang='lat' dir='ltr'>in</span> <span class='ocrx_word' id='word_1_190' title='bbox 129 3693 304 3777; x_wconf 81' lang='lat' dir='ltr'>scriptoris</span> <span class='ocrx_word' id='word_1_191' title='bbox 320 3709 456 3766; x_wconf 86' lang='lat' dir='ltr'>mentem</span> <span class='ocrx_word' id='word_1_192' title='bbox 477 3695 677 3786; x_wconf 86' lang='lat' dir='ltr'>insinuaret,</span> <span class='ocrx_word' id='word_1_193' title='bbox 698 3712 751 3776; x_wconf 91' lang='lat' dir='ltr'>et,</span> <span class='ocrx_word' id='word_1_194' title='bbox 767 3713 862 3778; x_wconf 88' lang='lat' dir='ltr'>quam</span> <span class='ocrx_word' id='word_1_195' title='bbox 878 3715 913 3764; x_wconf 84' lang='lat' dir='ltr'>ea</span> <span class='ocrx_word' id='word_1_196' title='bbox 928 3717 1001 3767; x_wconf 84' lang='lat' dir='ltr'>sen·</span> 
     </span>
     <span class='ocr_line' id='line_1_31' title="bbox 82 3810 1005 3898; baseline 0.004 -24"><span class='ocrx_word' id='word_1_197' title='bbox 82 3811 210 3878; x_wconf 87' lang='lat' dir='ltr'>tentiam</span> <span class='ocrx_word' id='word_1_198' title='bbox 227 3810 467 3896; x_wconf 81' lang='lat' dir='ltr'>dictionemque</span> <span class='ocrx_word' id='word_1_199' title='bbox 486 3811 686 3896; x_wconf 89' lang='lat' dir='ltr'>postularet,</span> <span class='ocrx_word' id='word_1_200' title='bbox 709 3825 884 3898; x_wconf 87' lang='lat' dir='ltr'>quaereret.</span> <span class='ocrx_word' id='word_1_201' title='bbox 927 3813 1005 3880; x_wconf 87' lang='lat' dir='ltr'>Dis·-</span> 
     </span>
     <span class='ocr_line' id='line_1_32' title="bbox 502 3929 1013 4015; baseline 0 -19"><span class='ocrx_word' id='word_1_202' title='bbox 502 3929 587 3996; x_wconf 74' lang='lat' dir='ltr'>Aac</span> <span class='ocrx_word' id='word_1_203' title='bbox 615 3945 636 4015; x_wconf 81' lang='lat'><strong>5</strong></span> <span class='ocrx_word' id='word_1_204' title='bbox 934 3945 1013 4002; x_wconf 85' lang='lat' dir='ltr'>cens</span> 
     </span>
    </p>
   </div>
   <div class='ocr_carea' id='block_1_3' title="bbox 0 0 1262 4712">
    <p class='ocr_par' dir='ltr' id='par_1_3' title="bbox 0 0 1262 4712">
     <span class='ocr_line' id='line_1_33' title="bbox 0 0 1262 4712; baseline 0 0"><span class='ocrx_word' id='word_1_205' title='bbox 0 0 1262 4712; x_wconf 95' lang='lat' dir='ltr'> </span> 
     </span>
    </p>
   </div>
  </div>
 </body>
</html>
