2572 4710
185 263 187 266 ’
242 260 327 363 sas'
378 268 560 362 ostano
580 277 643 348 ns
665 275 1025 368 cousumcmoms

236 475 417 560 elegantem
448 481 485 535 ac
519 461 709 550 popularem
737 457 983 550 Philosophiam
1019 469 1179 544 adductas

243 569 382 666 ouante.
434 581 562 656 ursam
588 596 629 648 ex
652 579 721 673 etus
747 579 922 666 atomum
945 583 1181 670 storstheim

243 703 307 802 uir,
322 700 445 788 ingenii
480 699 670 770 Franciacus
695 697 897 782 Petrsttht,
922 699 981 784 qui
1006 713 1044 770 ut
1073 703 1183 775 omnia

245 825 426 896 venustatis
449 821 613 890 doctrinas
642 820 791 906 cognitas
810 835 1064 906 paupertasque
1083 823 1184 892 habo-

241 944 326 1024 hat,
349 941 393 1006 ita
420 934 665 1020 Philosophiam
685 938 773 1006 vitae
788 951 981 1018 motumque
996 937 1182 1019 magistram

247 1044 466 1144 pulcherrimo
483 1052 653 1124 exornavit
671 1047 828 1126 orationis
845 1067 968 1137 genere.
1012 1051 1067 1118 hd
1083 1051 1182 1137 hujus

247 1173 458 1243 imitationem
473 1189 549 1240 cum
570 1189 606 1244 se
628 1169 963 1258 connmentloannes
980 1170 1183 1252 Boccacius,

176 1341 180 1354 .
247 1287 438 1366 Leonatdus
474 1285 628 1368 Baunus,
658 1286 810 1370 Angelus
828 1285 1032 1368 politianus,
1061 1286 1184 1356 Philel.

248 1402 357 1488 phua,
380 1399 568 1480 Fontanus,
589 1395 730 1470 Graecas
757 1397 960 1482 Latinasque
983 1399 1107 1470 litteras
1130 1417 1183 1472 ro·

247 1505 440 1594 vocarant,
470 1526 668 1595 ruptumque
702 1511 784 1586 illud
815 1512 872 1582 diu
907 1513 1078 1590 Musarum
1104 1531 1182 1586 cum

247 1625 462 1708 Philosophia
477 1625 645 1696 vinculum
666 1625 889 1699 restituerunt.
933 1627 1034 1720 Quod
1050 1626 1183 1712 quidem

248 1739 478 1809 clarissimoin
501 1738 681 1818 Laurentio
698 1739 791 1810 Valla
810 1740 982 1827 apparuit,
1004 1743 1062 1831 qui
1080 1744 1185 1818 maai.

142 1929 146 1936 ,
249 1874 306 1928 mo
332 1855 443 1928 studio
468 1855 710 1938 Philosophiam
733 1874 751 1924 a
779 1854 932 1930 sordibus
955 1855 1127 1940 purgavit,
1149 1871 1186 1932 et

253 1978 371 2044 veteris
398 1975 552 2044 barbariei
581 1975 767 2050 defensores
791 1973 972 2048 salsissime
996 1975 1186 2060 exagitavit,

249 2091 329 2181 Quo
347 2090 467 2159 factum
487 2105 538 2158 est
563 2104 619 2174 ut,
643 2105 737 2173 capta
762 2108 781 2158 a
804 2088 928 2164 Tuscia
946 2089 1184 2168 Constantino·

247 2209 338 2296 poli,
348 2207 488 2288 Graeci,
502 2206 608 2289 quiin
623 2203 747 2283 Italiam
765 2199 999 2292 confugerent,
1015 2207 1184 2293 benignis·

247 2325 330 2402 aime
352 2323 595 2406 exciperentur,
627 2304 748 2410 aliique
773 2325 815 2416 ad
844 2325 1034 2392 excolendas
1059 2326 1181 2396 litteras

247 2437 401 2510 aoctdmo
426 2437 534 2508 laudis
559 2439 694 2512 stimulo
725 2437 960 2521 excitarentura
983 2455 1121 2521 quorum
1145 2439 1182 2506 in

247 2555 364 2640 primis
381 2553 552 2630 Mamilius
569 2553 727 2636 FIcinus,
744 2553 894 2642 ‹Jacobus
910 2553 1030 2634 Faber,
1051 2552 1183 2628 Matius

247 2668 430 2750 Niaolius,
453 2667 647 2738 Ludovicua
666 2669 792 2751 Vives,
817 2686 849 2747 et
868 2671 970 2742 divini
995 2669 1115 2756 ingenii
1134 2672 1185 2748 in·

245 2791 424 2874 linitaeque
437 2793 630 2862 eruditionis
649 2793 713 2860 viri
730 2793 842 2860 Petrus
858 2791 1021 2876 liemhus,
1037 2792 1182 2878 Jacobus

245 2907 440 2991 dodolenus,
466 2907 564 2976 Picus
580 2905 849 2992 Mirandolanus,
872 2923 905 2976 ct
919 2909 1077 2980 Erasmus
1092 2910 1177 2980 Rot-

249 3024 507 3107 terodamensia,
522 3022 711 3094 felicissime
725 3027 842 3094 veteris
858 3025 1010 3096 Graeciae
1025 3027 1178 3110 Latiique

247 3142 407 3230 praesidia
433 3145 474 3218 ad
501 3145 724 3212 emendandam
751 3144 997 3229 Philosophiam
1023 3143 1181 3212 adhibue-

249 3275 340 3331 tunt.
381 3259 493 3342 ltaque
516 3259 645 3326 inventa
669 3259 939 3346 chalcographia,
961 3275 1036 3324 cum
1062 3256 1174 3326 Plato·

250 3371 327 3451 nis,
349 3370 557 3452 Aristotelis,
579 3373 773 3454 Ciceronis,
804 3372 1026 3454 similiumque
1043 3369 1117 3437 libri
1143 3371 1180 3444 in

250 3487 354 3566 iaceo
373 3487 560 3568 ederentur,
584 3502 675 3558 tanto
694 3504 725 3556 ct
749 3489 859 3556 studio
886 3487 1031 3571 excepti,
1053 3503 1085 3556 ct
1107 3487 1180 3558 fru⁴

245 3617 308 3680 ctu
330 3601 524 3687 frequentati
554 3603 712 3685 fuerunt,
735 3621 771 3672 ut
795 3605 837 3672 ad
860 3623 965 3676 veram
994 3605 1175 3674 doctrinam

249 3721 322 3801 hinc
337 3739 446 3802 cotum
470 3720 602 3800 assidua
619 3703 760 3800 lectione
781 3720 946 3818 pertenire
972 3739 1068 3798 acmo
1087 3721 1181 3802 quia·

1084 3851 1182 3928 uuam
