<?xml version="1.0" encoding="UTF-8"?>
<!DOCTYPE html PUBLIC "-//W3C//DTD XHTML 1.0 Transitional//EN"
    "http://www.w3.org/TR/xhtml1/DTD/xhtml1-transitional.dtd">
<html xmlns="http://www.w3.org/1999/xhtml" xml:lang="en" lang="en">
 <head>
  <title>
</title>
<meta http-equiv="Content-Type" content="text/html;charset=utf-8" />
  <meta name='ocr-system' content='tesseract 3.04.00' />
  <meta name='ocr-capabilities' content='ocr_page ocr_carea ocr_par ocr_line ocrx_word'/>
</head>
<body>
  <div class='ocr_page' id='page_1' title='image "./opusculavariiar01wyttgoog_0586.png"; bbox 0 0 2470 4724; ppageno 0'>
   <div class='ocr_carea' id='block_1_1' title="bbox 221 237 990 374">
    <p class='ocr_par' dir='ltr' id='par_1_1' title="bbox 221 237 990 374">
     <span class='ocr_line' id='line_1_1' title="bbox 221 237 990 374; baseline -0.003 -4"><span class='ocrx_word' id='word_1_1' title='bbox 221 237 357 374; x_wconf 76' lang='lat' dir='ltr'>utun</span> <span class='ocrx_word' id='word_1_2' title='bbox 392 297 438 366; x_wconf 91' lang='lat' dir='ltr'>n.</span> <span class='ocrx_word' id='word_1_3' title='bbox 478 259 824 367; x_wconf 70' lang='lat' dir='ltr'>turturinum.</span> <span class='ocrx_word' id='word_1_4' title='bbox 926 301 990 368; x_wconf 76' lang='grc' dir='ltr'>σοι</span> 
     </span>
    </p>
   </div>
   <div class='ocr_carea' id='block_1_2' title="bbox 10 482 1106 4026">
    <p class='ocr_par' dir='ltr' id='par_1_2' title="bbox 10 482 1106 4026">
     <span class='ocr_line' id='line_1_2' title="bbox 68 482 1026 578; baseline -0.004 -24"><span class='ocrx_word' id='word_1_5' title='bbox 68 484 206 554; x_wconf 67' lang='lat' dir='ltr'>cirionis</span> <span class='ocrx_word' id='word_1_6' title='bbox 238 485 334 569; x_wconf 84' lang='lat' dir='ltr'>copia</span> <span class='ocrx_word' id='word_1_7' title='bbox 371 497 455 550; x_wconf 82' lang='lat' dir='ltr'>esset</span> <span class='ocrx_word' id='word_1_8' title='bbox 481 494 585 546; x_wconf 87' lang='lat' dir='ltr'>tamen</span> <span class='ocrx_word' id='word_1_9' title='bbox 611 483 764 562; x_wconf 87' lang='lat' dir='ltr'>quaedam</span> <span class='ocrx_word' id='word_1_10' title='bbox 792 482 995 566; x_wconf 87' lang='lat' dir='ltr'>voluntaris,</span> <span class='ocrx_word' id='word_1_11' title='bbox 1010 553 1026 578; x_wconf 28' lang='grc' dir='ltr'>Ι,</span> 
     </span>
     <span class='ocr_line' id='line_1_3' title="bbox 72 574 1042 684; baseline -0.001 -16"><span class='ocrx_word' id='word_1_12' title='bbox 72 603 200 684; x_wconf 84' lang='lat' dir='ltr'>studii,</span> <span class='ocrx_word' id='word_1_13' title='bbox 231 601 499 684; x_wconf 76' lang='lat' dir='ltr'>ingeniorumque</span> <span class='ocrx_word' id='word_1_14' title='bbox 531 595 787 677; x_wconf 80' lang='lat' dir='ltr'>dissimilitud03</span> <span class='ocrx_word' id='word_1_15' title='bbox 822 611 861 662; x_wconf 89' lang='lat' dir='ltr'>ut</span> <span class='ocrx_word' id='word_1_16' title='bbox 892 574 1042 680; x_wconf 43' lang='lat' dir='ltr'>quum“&#39;</span> 
     </span>
     <span class='ocr_line' id='line_1_4' title="bbox 72 709 994 796; baseline 0.003 -14"><span class='ocrx_word' id='word_1_17' title='bbox 72 733 186 782; x_wconf 82' lang='lat' dir='ltr'>omnes</span> <span class='ocrx_word' id='word_1_18' title='bbox 204 729 339 796; x_wconf 84' lang='lat' dir='ltr'>uterque</span> <span class='ocrx_word' id='word_1_19' title='bbox 353 724 472 778; x_wconf 88' lang='lat' dir='ltr'>teneret</span> <span class='ocrx_word' id='word_1_20' title='bbox 492 709 640 791; x_wconf 87' lang='lat' dir='ltr'>Literas,</span> <span class='ocrx_word' id='word_1_21' title='bbox 660 711 785 778; x_wconf 86' lang='lat' dir='ltr'>diversa</span> <span class='ocrx_word' id='word_1_22' title='bbox 802 729 906 780; x_wconf 84' lang='lat' dir='ltr'>carum</span> <span class='ocrx_word' id='word_1_23' title='bbox 922 734 994 794; x_wconf 81' lang='lat' dir='ltr'>prae</span> 
     </span>
     <span class='ocr_line' id='line_1_5' title="bbox 73 827 1101 914; baseline -0.004 -16"><span class='ocrx_word' id='word_1_24' title='bbox 73 832 209 898; x_wconf 80' lang='lat' dir='ltr'>caeteris</span> <span class='ocrx_word' id='word_1_25' title='bbox 230 845 346 914; x_wconf 73' lang='lat' dir='ltr'>geom</span> <span class='ocrx_word' id='word_1_26' title='bbox 381 841 577 910; x_wconf 78' lang='lat' dir='ltr'>sequeretur.</span> <span class='ocrx_word' id='word_1_27' title='bbox 631 827 870 910; x_wconf 76' lang='lat' dir='ltr'>Wessciingius</span> <span class='ocrx_word' id='word_1_28' title='bbox 899 830 998 913; x_wconf 78' lang='lat' dir='ltr'>magis</span> <span class='ocrx_word' id='word_1_29' title='bbox 1093 883 1101 894; x_wconf 90' lang='lat'>.</span> 
     </span>
     <span class='ocr_line' id='line_1_6' title="bbox 74 941 1001 1028; baseline -0.006 -12"><span class='ocrx_word' id='word_1_30' title='bbox 74 965 149 1028; x_wconf 82' lang='lat' dir='ltr'>rea,</span> <span class='ocrx_word' id='word_1_31' title='bbox 172 961 298 1014; x_wconf 81' lang='lat' dir='ltr'>ornnem</span> <span class='ocrx_word' id='word_1_32' title='bbox 327 943 528 1028; x_wconf 72' lang='lat' dir='ltr'>Historiam,</span> <span class='ocrx_word' id='word_1_33' title='bbox 553 943 832 1028; x_wconf 79' lang='lat' dir='ltr'>Chronoiogiaut,</span> <span class='ocrx_word' id='word_1_34' title='bbox 853 941 1001 1027; x_wconf 79' lang='lat' dir='ltr'>Geogra-</span> 
     </span>
     <span class='ocr_line' id='line_1_7' title="bbox 74 1057 1001 1146; baseline -0.002 -18"><span class='ocrx_word' id='word_1_35' title='bbox 74 1063 209 1146; x_wconf 77' lang='lat' dir='ltr'>phion,</span> <span class='ocrx_word' id='word_1_36' title='bbox 231 1061 471 1144; x_wconf 82' lang='lat' dir='ltr'>Antiquitates‚</span> <span class='ocrx_word' id='word_1_37' title='bbox 490 1057 750 1126; x_wconf 81' lang='lat' dir='ltr'>consecrabaturr</span> <span class='ocrx_word' id='word_1_38' title='bbox 768 1058 1001 1126; x_wconf 70' lang='lat' dir='ltr'>Valckenarius</span> 
     </span>
     <span class='ocr_line' id='line_1_8' title="bbox 75 1173 1002 1270; baseline -0.004 -24"><span class='ocrx_word' id='word_1_39' title='bbox 75 1179 179 1264; x_wconf 82' lang='lat' dir='ltr'>tnagis</span> <span class='ocrx_word' id='word_1_40' title='bbox 195 1177 292 1270; x_wconf 79' lang='lat' dir='ltr'>uerba</span> <span class='ocrx_word' id='word_1_41' title='bbox 313 1189 345 1243; x_wconf 89' lang='lat' dir='ltr'>et</span> <span class='ocrx_word' id='word_1_42' title='bbox 366 1173 613 1242; x_wconf 86' lang='lat' dir='ltr'>Grammaticanr</span> <span class='ocrx_word' id='word_1_43' title='bbox 633 1174 785 1242; x_wconf 85' lang='lat' dir='ltr'>rationem</span> <span class='ocrx_word' id='word_1_44' title='bbox 804 1173 1002 1255; x_wconf 80' lang='lat' dir='ltr'>conplectc-</span> 
     </span>
     <span class='ocr_line' id='line_1_9' title="bbox 70 1288 996 1375; baseline -0.006 -13"><span class='ocrx_word' id='word_1_45' title='bbox 70 1296 186 1375; x_wconf 87' lang='lat' dir='ltr'>batur‚</span> <span class='ocrx_word' id='word_1_46' title='bbox 208 1294 335 1362; x_wconf 83' lang='lat' dir='ltr'>ualebat</span> <span class='ocrx_word' id='word_1_47' title='bbox 353 1289 502 1358; x_wconf 88' lang='lat' dir='ltr'>interiore</span> <span class='ocrx_word' id='word_1_48' title='bbox 521 1288 663 1358; x_wconf 79' lang='lat' dir='ltr'>Graecae</span> <span class='ocrx_word' id='word_1_49' title='bbox 687 1289 814 1372; x_wconf 75' lang='lat' dir='ltr'>linguae</span> <span class='ocrx_word' id='word_1_50' title='bbox 838 1288 996 1372; x_wconf 87' lang='lat' dir='ltr'>scientia,</span> 
     </span>
     <span class='ocr_line' id='line_1_10' title="bbox 65 1395 1001 1487; baseline -0.001 -12"><span class='ocrx_word' id='word_1_51' title='bbox 65 1395 256 1478; x_wconf 81' lang='lat' dir='ltr'>&#39;venustatis</span> <span class='ocrx_word' id='word_1_52' title='bbox 273 1425 393 1487; x_wconf 88' lang='lat' dir='ltr'>sensu,</span> <span class='ocrx_word' id='word_1_53' title='bbox 413 1405 600 1477; x_wconf 81' lang='lat' dir='ltr'>emendandi</span> <span class='ocrx_word' id='word_1_54' title='bbox 615 1403 784 1486; x_wconf 85' lang='lat' dir='ltr'>acumine,</span> <span class='ocrx_word' id='word_1_55' title='bbox 807 1419 838 1471; x_wconf 90' lang='lat' dir='ltr'>er</span> <span class='ocrx_word' id='word_1_56' title='bbox 854 1422 892 1471; x_wconf 80' lang='lat' dir='ltr'>ex</span> <span class='ocrx_word' id='word_1_57' title='bbox 909 1407 1001 1474; x_wconf 90' lang='lat' dir='ltr'>ontni</span> 
     </span>
     <span class='ocr_line' id='line_1_11' title="bbox 73 1521 1001 1606; baseline 0 -14"><span class='ocrx_word' id='word_1_58' title='bbox 73 1539 221 1592; x_wconf 70' lang='lat' dir='ltr'>vernum</span> <span class='ocrx_word' id='word_1_59' title='bbox 240 1521 442 1606; x_wconf 84' lang='lat' dir='ltr'>Scriptorum</span> <span class='ocrx_word' id='word_1_60' title='bbox 468 1521 826 1604; x_wconf 85' lang='lat' dir='ltr'>Grammaticorumquc</span> <span class='ocrx_word' id='word_1_61' title='bbox 850 1524 1001 1606; x_wconf 83' lang='lat' dir='ltr'>quamuis</span> 
     </span>
     <span class='ocr_line' id='line_1_12' title="bbox 10 1621 1003 1724; baseline -0.006 -12"><span class='ocrx_word' id='word_1_62' title='bbox 10 1621 11 1626; x_wconf 22' lang='lat'>¹</span> <span class='ocrx_word' id='word_1_63' title='bbox 75 1640 208 1712; x_wconf 82' lang='lat' dir='ltr'>horrida</span> <span class='ocrx_word' id='word_1_64' title='bbox 223 1636 399 1724; x_wconf 75' lang='lat' dir='ltr'>ftmgine,</span> <span class='ocrx_word' id='word_1_65' title='bbox 412 1654 574 1721; x_wconf 81' lang='lat' dir='ltr'>tamquam</span> <span class='ocrx_word' id='word_1_66' title='bbox 592 1653 750 1722; x_wconf 53' lang='lat' dir='ltr'>ammas,</span> <span class='ocrx_word' id='word_1_67' title='bbox 768 1636 892 1719; x_wconf 85' lang='lat' dir='ltr'>optima</span> <span class='ocrx_word' id='word_1_68' title='bbox 907 1656 1003 1718; x_wconf 89' lang='lat' dir='ltr'>quae·</span> 
     </span>
     <span class='ocr_line' id='line_1_13' title="bbox 75 1749 1003 1838; baseline -0.003 -18"><span class='ocrx_word' id='word_1_69' title='bbox 75 1772 144 1838; x_wconf 87' lang='lat' dir='ltr'>que</span> <span class='ocrx_word' id='word_1_70' title='bbox 168 1764 337 1838; x_wconf 74' lang='lat' dir='ltr'>praecepte</span> <span class='ocrx_word' id='word_1_71' title='bbox 364 1765 396 1818; x_wconf 85' lang='lat' dir='ltr'>et</span> <span class='ocrx_word' id='word_1_72' title='bbox 416 1750 592 1836; x_wconf 76' lang='lat' dir='ltr'>fragmento</span> <span class='ocrx_word' id='word_1_73' title='bbox 609 1749 778 1834; x_wconf 76' lang='lat' dir='ltr'>indagandi</span> <span class='ocrx_word' id='word_1_74' title='bbox 798 1751 1003 1832; x_wconf 78' lang='lat' dir='ltr'>expiscandi·</span> 
     </span>
     <span class='ocr_line' id='line_1_14' title="bbox 75 1867 1106 1956; baseline 0.002 -20"><span class='ocrx_word' id='word_1_75' title='bbox 75 1887 142 1952; x_wconf 82' lang='lat' dir='ltr'>que</span> <span class='ocrx_word' id='word_1_76' title='bbox 160 1867 347 1956; x_wconf 78' lang='lat' dir='ltr'>sagicitrrea</span> <span class='ocrx_word' id='word_1_77' title='bbox 372 1885 488 1952; x_wconf 82' lang='lat' dir='ltr'>posses</span> <span class='ocrx_word' id='word_1_78' title='bbox 505 1867 593 1934; x_wconf 89' lang='lat' dir='ltr'>hunc</span> <span class='ocrx_word' id='word_1_79' title='bbox 616 1867 907 1936; x_wconf 86' lang='lat' dir='ltr'>Grrmmaticorum</span> <span class='ocrx_word' id='word_1_80' title='bbox 926 1867 1004 1938; x_wconf 86' lang='lat' dir='ltr'>Cri·</span> <span class='ocrx_word' id='word_1_81' title='bbox 1102 1907 1106 1914; x_wconf 40' lang='grc' dir='ltr'><em>ι</em></span> 
     </span>
     <span class='ocr_line' id='line_1_15' title="bbox 71 1982 1003 2068; baseline -0.001 -17"><span class='ocrx_word' id='word_1_82' title='bbox 71 1983 282 2066; x_wconf 79' lang='lat' dir='ltr'>tironumque</span> <span class='ocrx_word' id='word_1_83' title='bbox 299 1985 528 2068; x_wconf 68' lang='lat' dir='ltr'>irrueremus</span> <span class='ocrx_word' id='word_1_84' title='bbox 545 1982 727 2065; x_wconf 84' lang='lat' dir='ltr'>nominare,</span> <span class='ocrx_word' id='word_1_85' title='bbox 749 1983 840 2049; x_wconf 82' lang='lat' dir='ltr'>illum</span> <span class='ocrx_word' id='word_1_86' title='bbox 859 1984 1003 2054; x_wconf 55' lang='lat' dir='ltr'>Historia</span> 
     </span>
     <span class='ocr_line' id='line_1_16' title="bbox 69 2097 1001 2183; baseline -0.003 -17"><span class='ocrx_word' id='word_1_87' title='bbox 69 2115 188 2166; x_wconf 85' lang='lat' dir='ltr'>corum</span> <span class='ocrx_word' id='word_1_88' title='bbox 216 2101 425 2183; x_wconf 66' lang='lat' dir='ltr'>mradmor</span> <span class='ocrx_word' id='word_1_89' title='bbox 443 2101 495 2168; x_wconf 77' lang='lat' dir='ltr'>eci</span> <span class='ocrx_word' id='word_1_90' title='bbox 519 2100 838 2182; x_wconf 66' lang='lat' dir='ltr'>rpamrrrrdrarov·</span> <span class='ocrx_word' id='word_1_91' title='bbox 862 2097 920 2180; x_wconf 87' lang='lat' dir='ltr'>qui</span> <span class='ocrx_word' id='word_1_92' title='bbox 936 2098 1001 2174; x_wconf 85' lang='lat' dir='ltr'>nisi</span> 
     </span>
     <span class='ocr_line' id='line_1_17' title="bbox 69 2212 1003 2298; baseline 0.005 -20"><span class='ocrx_word' id='word_1_93' title='bbox 69 2213 285 2297; x_wconf 84' lang='lat' dir='ltr'>conjunctam</span> <span class='ocrx_word' id='word_1_94' title='bbox 302 2212 504 2296; x_wconf 79' lang='lat' dir='ltr'>ingeniorum</span> <span class='ocrx_word' id='word_1_95' title='bbox 521 2231 647 2298; x_wconf 83' lang='lat' dir='ltr'>operam</span> <span class='ocrx_word' id='word_1_96' title='bbox 663 2213 696 2280; x_wconf 92' lang='lat' dir='ltr'>in</span> <span class='ocrx_word' id='word_1_97' title='bbox 708 2213 908 2282; x_wconf 85' lang='lat' dir='ltr'>Herodorum</span> <span class='ocrx_word' id='word_1_98' title='bbox 923 2233 1003 2282; x_wconf 87' lang='lat' dir='ltr'>con·</span> 
     </span>
     <span class='ocr_line' id='line_1_18' title="bbox 68 2325 1002 2413; baseline 0.011 -24"><span class='ocrx_word' id='word_1_99' title='bbox 68 2325 255 2404; x_wconf 78' lang='lat' dir='ltr'>mlieeent,</span> <span class='ocrx_word' id='word_1_100' title='bbox 277 2343 452 2394; x_wconf 74' lang='lat' dir='ltr'>careremus</span> <span class='ocrx_word' id='word_1_101' title='bbox 469 2328 523 2406; x_wconf 77' lang='lat' dir='ltr'>iiia</span> <span class='ocrx_word' id='word_1_102' title='bbox 540 2329 699 2413; x_wconf 86' lang='lat' dir='ltr'>editione,</span> <span class='ocrx_word' id='word_1_103' title='bbox 719 2349 803 2412; x_wconf 91' lang='lat' dir='ltr'>quae</span> <span class='ocrx_word' id='word_1_104' title='bbox 815 2332 919 2398; x_wconf 85' lang='lat' dir='ltr'>adhuc</span> <span class='ocrx_word' id='word_1_105' title='bbox 937 2351 1002 2406; x_wconf 85' lang='lat' dir='ltr'>una</span> 
     </span>
     <span class='ocr_line' id='line_1_19' title="bbox 71 2439 1005 2523; baseline 0.002 -11"><span class='ocrx_word' id='word_1_106' title='bbox 71 2459 117 2512; x_wconf 77' lang='lat' dir='ltr'>ex</span> <span class='ocrx_word' id='word_1_107' title='bbox 134 2439 290 2509; x_wconf 86' lang='lat' dir='ltr'>omnibus</span> <span class='ocrx_word' id='word_1_108' title='bbox 309 2441 454 2509; x_wconf 88' lang='lat' dir='ltr'>omnium</span> <span class='ocrx_word' id='word_1_109' title='bbox 481 2443 675 2514; x_wconf 83' lang='lat' dir='ltr'>Graecorum</span> <span class='ocrx_word' id='word_1_110' title='bbox 694 2460 860 2514; x_wconf 85' lang='lat' dir='ltr'>auctorum</span> <span class='ocrx_word' id='word_1_111' title='bbox 887 2447 1005 2523; x_wconf 81' lang='lat' dir='ltr'>editio-¹</span> 
     </span>
     <span class='ocr_line' id='line_1_20' title="bbox 72 2555 1003 2642; baseline 0.006 -16"><span class='ocrx_word' id='word_1_112' title='bbox 72 2555 176 2626; x_wconf 86' lang='lat' dir='ltr'>nibus</span> <span class='ocrx_word' id='word_1_113' title='bbox 198 2556 463 2634; x_wconf 80' lang='lat' dir='ltr'>excellentissima</span> <span class='ocrx_word' id='word_1_114' title='bbox 481 2572 512 2623; x_wconf 92' lang='lat' dir='ltr'>et</span> <span class='ocrx_word' id='word_1_115' title='bbox 530 2577 602 2626; x_wconf 87' lang='lat' dir='ltr'>uere</span> <span class='ocrx_word' id='word_1_116' title='bbox 621 2561 772 2642; x_wconf 76' lang='lat' dir='ltr'>palmaria</span> <span class='ocrx_word' id='word_1_117' title='bbox 795 2577 919 2628; x_wconf 82' lang='lat' dir='ltr'>exstat:</span> <span class='ocrx_word' id='word_1_118' title='bbox 943 2581 1003 2632; x_wconf 86' lang='lat' dir='ltr'>cu·</span> 
     </span>
     <span class='ocr_line' id='line_1_21' title="bbox 70 2670 1002 2756; baseline 0.004 -18"><span class='ocrx_word' id='word_1_119' title='bbox 70 2671 130 2756; x_wconf 78' lang='lat' dir='ltr'>ius</span> <span class='ocrx_word' id='word_1_120' title='bbox 159 2685 271 2752; x_wconf 84' lang='lat' dir='ltr'>operae</span> <span class='ocrx_word' id='word_1_121' title='bbox 286 2684 318 2735; x_wconf 90' lang='lat' dir='ltr'>et</span> <span class='ocrx_word' id='word_1_122' title='bbox 337 2671 579 2755; x_wconf 84' lang='lat' dir='ltr'>conjungendae</span> <span class='ocrx_word' id='word_1_123' title='bbox 597 2670 680 2753; x_wconf 86' lang='lat' dir='ltr'>ipsis</span> <span class='ocrx_word' id='word_1_124' title='bbox 703 2689 852 2736; x_wconf 75' lang='lat' dir='ltr'>suasores</span> <span class='ocrx_word' id='word_1_125' title='bbox 868 2670 1002 2742; x_wconf 87' lang='lat' dir='ltr'>fuerunt</span> 
     </span>
     <span class='ocr_line' id='line_1_22' title="bbox 73 2783 1004 2877; baseline 0 -25"><span class='ocrx_word' id='word_1_126' title='bbox 73 2783 347 2856; x_wconf 86' lang='lat' dir='ltr'>Hernsterhusius</span> <span class='ocrx_word' id='word_1_127' title='bbox 376 2801 409 2850; x_wconf 89' lang='lat' dir='ltr'>et</span> <span class='ocrx_word' id='word_1_128' title='bbox 432 2783 649 2858; x_wconf 76' lang='lat' dir='ltr'>Ruhnkeniuo</span> <span class='ocrx_word' id='word_1_129' title='bbox 673 2803 860 2877; x_wconf 74' lang='lat' dir='ltr'>conmunes</span> <span class='ocrx_word' id='word_1_130' title='bbox 887 2788 1004 2870; x_wconf 87' lang='lat' dir='ltr'>amici,</span> 
     </span>
     <span class='ocr_line' id='line_1_23' title="bbox 72 2897 1000 2985; baseline 0 -17"><span class='ocrx_word' id='word_1_131' title='bbox 72 2901 261 2983; x_wconf 85' lang='lat' dir='ltr'>iidemque,</span> <span class='ocrx_word' id='word_1_132' title='bbox 283 2900 312 2966; x_wconf 84' lang='lat' dir='ltr'>ai</span> <span class='ocrx_word' id='word_1_133' title='bbox 328 2917 410 2983; x_wconf 79' lang='lat' dir='ltr'>quae</span> <span class='ocrx_word' id='word_1_134' title='bbox 425 2897 511 2966; x_wconf 83' lang='lat' dir='ltr'>forte</span> <span class='ocrx_word' id='word_1_135' title='bbox 525 2898 598 2965; x_wconf 92' lang='lat' dir='ltr'>inde</span> <span class='ocrx_word' id='word_1_136' title='bbox 615 2915 688 2970; x_wconf 81' lang='lat' dir='ltr'>nata</span> <span class='ocrx_word' id='word_1_137' title='bbox 704 2913 791 2966; x_wconf 87' lang='lat' dir='ltr'>esset</span> <span class='ocrx_word' id='word_1_138' title='bbox 806 2901 1000 2985; x_wconf 83' lang='lat' dir='ltr'>disjunctio,</span> 
     </span>
     <span class='ocr_line' id='line_1_24' title="bbox 72 3013 1005 3102; baseline 0 -16"><span class='ocrx_word' id='word_1_139' title='bbox 72 3017 196 3086; x_wconf 84' lang='lat' dir='ltr'>ueteris</span> <span class='ocrx_word' id='word_1_140' title='bbox 236 3018 354 3102; x_wconf 80' lang='lat' dir='ltr'>gratioe</span> <span class='ocrx_word' id='word_1_141' title='bbox 391 3015 676 3096; x_wconf 49' lang='lat' dir='ltr'>reconciliatores</span> <span class='ocrx_word' id='word_1_142' title='bbox 723 3015 786 3082; x_wconf 84' lang='lat' dir='ltr'>Sed</span> <span class='ocrx_word' id='word_1_143' title='bbox 818 3013 1005 3086; x_wconf 84' lang='lat' dir='ltr'>Ruhnkenii</span> 
     </span>
     <span class='ocr_line' id='line_1_25' title="bbox 73 3131 1003 3218; baseline -0.003 -18"><span class='ocrx_word' id='word_1_144' title='bbox 73 3151 214 3218; x_wconf 86' lang='lat' dir='ltr'>quoque</span> <span class='ocrx_word' id='word_1_145' title='bbox 241 3135 384 3200; x_wconf 87' lang='lat' dir='ltr'>studium</span> <span class='ocrx_word' id='word_1_146' title='bbox 410 3133 490 3198; x_wconf 88' lang='lat' dir='ltr'>utile</span> <span class='ocrx_word' id='word_1_147' title='bbox 512 3131 577 3199; x_wconf 90' lang='lat' dir='ltr'>fuit</span> <span class='ocrx_word' id='word_1_148' title='bbox 592 3133 809 3218; x_wconf 85' lang='lat' dir='ltr'>Wesselingio</span> <span class='ocrx_word' id='word_1_149' title='bbox 828 3133 868 3201; x_wconf 79' lang='lat' dir='ltr'>ad</span> <span class='ocrx_word' id='word_1_150' title='bbox 887 3152 1003 3204; x_wconf 75' lang='lat' dir='ltr'>ornen-</span> 
     </span>
     <span class='ocr_line' id='line_1_26' title="bbox 74 3247 1005 3338; baseline -0.004 -22"><span class='ocrx_word' id='word_1_151' title='bbox 74 3249 157 3322; x_wconf 84' lang='lat' dir='ltr'>dutn</span> <span class='ocrx_word' id='word_1_152' title='bbox 178 3247 400 3330; x_wconf 81' lang='lat' dir='ltr'>Herodotum.</span> <span class='ocrx_word' id='word_1_153' title='bbox 424 3251 647 3330; x_wconf 77' lang='lat' dir='ltr'>comparandis</span> <span class='ocrx_word' id='word_1_154' title='bbox 669 3249 896 3316; x_wconf 85' lang='lat' dir='ltr'>Parisiensiunt</span> <span class='ocrx_word' id='word_1_155' title='bbox 913 3250 1005 3338; x_wconf 70' lang='lat' dir='ltr'>cedi.</span> 
     </span>
     <span class='ocr_line' id='line_1_27' title="bbox 72 3362 1005 3450; baseline -0.002 -14"><span class='ocrx_word' id='word_1_156' title='bbox 72 3385 155 3436; x_wconf 85' lang='lat' dir='ltr'>cunr</span> <span class='ocrx_word' id='word_1_157' title='bbox 173 3365 368 3449; x_wconf 83' lang='lat' dir='ltr'>scriptorum</span> <span class='ocrx_word' id='word_1_158' title='bbox 385 3363 601 3438; x_wconf 81' lang='lat' dir='ltr'>lectionibus:</span> <span class='ocrx_word' id='word_1_159' title='bbox 624 3367 716 3448; x_wconf 80' lang='lat' dir='ltr'>quod</span> <span class='ocrx_word' id='word_1_160' title='bbox 732 3380 763 3434; x_wconf 90' lang='lat' dir='ltr'>et</span> <span class='ocrx_word' id='word_1_161' title='bbox 779 3365 814 3431; x_wconf 90' lang='lat' dir='ltr'>in</span> <span class='ocrx_word' id='word_1_162' title='bbox 833 3362 1005 3450; x_wconf 77' lang='lat' dir='ltr'>praefatio·</span> 
     </span>
     <span class='ocr_line' id='line_1_28' title="bbox 74 3477 1006 3572; baseline 0.002 -28"><span class='ocrx_word' id='word_1_163' title='bbox 74 3499 117 3554; x_wconf 84' lang='lat' dir='ltr'>ne</span> <span class='ocrx_word' id='word_1_164' title='bbox 141 3479 213 3572; x_wconf 82' lang='lat' dir='ltr'>ipae</span> <span class='ocrx_word' id='word_1_165' title='bbox 229 3477 369 3560; x_wconf 88' lang='lat' dir='ltr'>fatetur,</span> <span class='ocrx_word' id='word_1_166' title='bbox 390 3493 476 3548; x_wconf 82' lang='lat' dir='ltr'>etex</span> <span class='ocrx_word' id='word_1_167' title='bbox 495 3480 564 3561; x_wconf 89' lang='lat' dir='ltr'>ejus</span> <span class='ocrx_word' id='word_1_168' title='bbox 584 3481 624 3547; x_wconf 86' lang='lat' dir='ltr'>ad</span> <span class='ocrx_word' id='word_1_169' title='bbox 644 3481 731 3554; x_wconf 85' lang='lat' dir='ltr'>hunc</span> <span class='ocrx_word' id='word_1_170' title='bbox 747 3480 921 3564; x_wconf 84' lang='lat' dir='ltr'>epistoris,</span> <span class='ocrx_word' id='word_1_171' title='bbox 945 3499 1006 3566; x_wconf 83' lang='lat' dir='ltr'>nu·</span> 
     </span>
     <span class='ocr_line' id='line_1_29' title="bbox 75 3591 933 3680; baseline 0.002 -20"><span class='ocrx_word' id='word_1_172' title='bbox 75 3594 216 3680; x_wconf 82' lang='lat' dir='ltr'>perrime</span> <span class='ocrx_word' id='word_1_173' title='bbox 232 3594 313 3660; x_wconf 85' lang='lat' dir='ltr'>mihi</span> <span class='ocrx_word' id='word_1_174' title='bbox 330 3592 363 3662; x_wconf 90' lang='lat' dir='ltr'>in</span> <span class='ocrx_word' id='word_1_175' title='bbox 384 3611 496 3659; x_wconf 89' lang='lat' dir='ltr'>manus</span> <span class='ocrx_word' id='word_1_176' title='bbox 515 3591 754 3674; x_wconf 83' lang='lat' dir='ltr'>incidentibus,</span> <span class='ocrx_word' id='word_1_177' title='bbox 775 3593 933 3678; x_wconf 76' lang='lat' dir='ltr'>cognovi.</span> 
     </span>
     <span class='ocr_line' id='line_1_30' title="bbox 117 3705 1006 3791; baseline -0.002 -13"><span class='ocrx_word' id='word_1_178' title='bbox 117 3710 190 3778; x_wconf 90' lang='lat' dir='ltr'>Sub</span> <span class='ocrx_word' id='word_1_179' title='bbox 225 3713 306 3778; x_wconf 89' lang='lat' dir='ltr'>idem</span> <span class='ocrx_word' id='word_1_180' title='bbox 331 3705 397 3775; x_wconf 86' lang='lat' dir='ltr'>fere</span> <span class='ocrx_word' id='word_1_181' title='bbox 423 3721 572 3791; x_wconf 84' lang='lat' dir='ltr'>ternpus,</span> <span class='ocrx_word' id='word_1_182' title='bbox 607 3728 674 3790; x_wconf 89' lang='lat' dir='ltr'>quo</span> <span class='ocrx_word' id='word_1_183' title='bbox 700 3709 916 3778; x_wconf 85' lang='lat' dir='ltr'>Ruhnkenius</span> <span class='ocrx_word' id='word_1_184' title='bbox 942 3709 1006 3780; x_wconf 88' lang='lat' dir='ltr'>Le·</span> 
     </span>
     <span class='ocr_line' id='line_1_31' title="bbox 68 3815 1006 3912; baseline 0.002 -24"><span class='ocrx_word' id='word_1_185' title='bbox 68 3833 149 3896; x_wconf 81' lang='lat' dir='ltr'>etot</span> <span class='ocrx_word' id='word_1_186' title='bbox 173 3819 327 3890; x_wconf 88' lang='lat' dir='ltr'>docendis</span> <span class='ocrx_word' id='word_1_187' title='bbox 354 3815 489 3894; x_wconf 74' lang='lat' dir='ltr'>Graecus</span> <span class='ocrx_word' id='word_1_188' title='bbox 511 3822 633 3898; x_wconf 83' lang='lat' dir='ltr'>Literis</span> <span class='ocrx_word' id='word_1_189' title='bbox 659 3823 765 3896; x_wconf 85' lang='lat' dir='ltr'>factus</span> <span class='ocrx_word' id='word_1_190' title='bbox 792 3841 863 3912; x_wconf 83' lang='lat' dir='ltr'>eat,</span> <span class='ocrx_word' id='word_1_191' title='bbox 888 3824 1006 3896; x_wconf 82' lang='lat' dir='ltr'>acciiit</span> 
     </span>
     <span class='ocr_line' id='line_1_32' title="bbox 397 3935 1005 4026; baseline -0.007 -20"><span class='ocrx_word' id='word_1_192' title='bbox 397 3935 401 3942; x_wconf 83' lang='lat'>&#39;</span> <span class='ocrx_word' id='word_1_193' title='bbox 537 3937 561 4006; x_wconf 89' lang='lat' dir='ltr'>P</span> <span class='ocrx_word' id='word_1_194' title='bbox 572 3959 593 4023; x_wconf 89' lang='lat' dir='ltr'>p</span> <span class='ocrx_word' id='word_1_195' title='bbox 617 3952 638 4026; x_wconf 77' lang='grc'><strong><em>5</em></strong></span> <span class='ocrx_word' id='word_1_196' title='bbox 969 3948 1005 4002; x_wconf 85' lang='lat' dir='ltr'>ut</span> 
     </span>
    </p>
   </div>
   <div class='ocr_carea' id='block_1_3' title="bbox 0 0 1251 4724">
    <p class='ocr_par' dir='ltr' id='par_1_3' title="bbox 0 0 1251 4724">
     <span class='ocr_line' id='line_1_33' title="bbox 0 0 1251 4724; baseline 0 0"><span class='ocrx_word' id='word_1_197' title='bbox 0 0 1251 4724; x_wconf 95' lang='lat' dir='ltr'> </span> 
     </span>
    </p>
   </div>
  </div>
 </body>
</html>
