2508 4712
286 271 361 358 ted
450 273 589 358 vita
626 275 674 353 D.
708 265 1063 351 trinum&
1118 272 1127 283 ’

290 467 404 560 ponito
422 469 485 538 alta
502 467 637 538 offertur
657 465 744 553 apori
767 475 918 549 meroe,
940 449 1213 550 Gomtidgdsidr·

295 597 401 658 morte
412 583 550 656 Gerneri
560 583 674 652 eodem
688 597 774 652 anno
786 578 932 650 defuncti
947 597 1081 648 vacam.
1121 579 1213 650 Harae

294 703 562 796 peneroriasimua
590 703 682 771 iliius
706 701 894 771 Academiae
921 715 1027 771 arator
1051 718 1086 772 et
1113 707 1213 791 altor,

295 821 466 892 verissimo
484 819 658 890 curatoria
682 835 713 887 et
737 818 935 888 Maecenatis
960 823 1163 904 cognomine
1180 823 1214 892 ad

292 937 513 1026 posteritatem
523 937 766 1004 commendatae
783 977 798 1018 ,
814 931 1041 1002 Munchusius
1062 936 1214 1004 obtulero

295 1051 457 1138 Ernesto,
476 1055 533 1138 qui
550 1071 617 1120 eam
636 1067 813 1140 musana,
829 1063 960 1136 rogatur
973 1067 1112 1133 ecquem
1126 1055 1213 1120 alium

295 1169 442 1240 doctrina
467 1167 589 1236 clarum
615 1185 652 1238 ac
675 1169 807 1252 dignum
829 1165 979 1235 Gesnero
998 1185 1213 1239 successorem

293 1299 432 1378 nosset,
453 1283 687 1354 Ruhnkeniurn
703 1284 812 1367 dixit,
832 1285 887 1351 sed
908 1303 979 1351 cem
1003 1285 1048 1352 ita
1064 1289 1106 1354 ad
1130 1287 1215 1355 Batr-

289 1413 364 1471 vtm
382 1401 553 1478 emtionem
570 1397 781 1482 adstrictum,
797 1401 854 1468 vix
868 1415 906 1468 rrr
922 1401 997 1468 inde
1007 1403 1120 1468 dodoci
1134 1423 1216 1487 poa·

291 1537 329 1589 ae
343 1517 528 1601 videretnra
552 1518 676 1602 quippe
691 1519 748 1602 qni
770 1519 834 1604 jam
855 1533 947 1586 antea
968 1519 1216 1603 portmauro

292 1635 344 1706 ‘ras
360 1637 563 1707 conditione·
578 1652 773 1707 recusasset,
816 1635 1059 1720 Muncirnaioa,
1078 1643 1138 1723 qni
1153 1655 1213 1708 nec

293 1755 462 1824 euntibus
479 1773 539 1822 nec
556 1753 658 1822 labori
675 1769 839 1839 parceret,
862 1755 1038 1822 dnmmodo
1053 1757 1216 1826 celeberri-

292 1883 367 1946 inoa
386 1895 536 1962 quosque
555 1893 592 1943 ac
621 1875 830 1944 doctissimos
848 1873 994 1957 undique
1013 1873 1217 1946 Profen'som

289 1989 503 2080 Goettingam
528 2005 700 2075 evocaret,
723 1991 824 2089 mittit
849 1991 906 2074 qui
924 1991 954 2056 ei
972 1991 1152 2058 cathedram
1168 1993 1219 2059 lo·

290 2106 426 2176 tulento
447 2106 567 2190 qnovia
596 2123 668 2174 cum
696 2103 814 2173 salario
842 2097 990 2187 offerret,
1019 2117 1050 2170 er
1068 2103 1216 2187 accipere

291 2225 509 2323 peranaderer.
554 2217 790 2305 Ruhnkeniaa,
813 2219 871 2303 qui
896 2233 1033 2304 propter·
1048 2237 1101 2287 em
1122 2235 1217 2286 carro

294 2355 372 2420 aar,
395 2352 476 2420 quae
494 2318 592 2422 supra
610 2339 882 2420 memoravimus,
901 2339 989 2422 apud
1005 2337 1152 2408 datam
1170 2336 1217 2405 ri·

98 2533 101 2542 ,
241 2517 247 2526 ,
283 2447 358 2522 'tam
376 2453 548 2540 tmosigere
572 2455 828 2537 constituisset,
849 2451 1022 2536 respondet
1039 2454 1074 2522 in
1089 2451 1217 2522 Germa·

292 2571 346 2642 nia
360 2569 491 2639 doctum
506 2587 579 2638 esre
592 2570 754 2638 hominem
772 2571 973 2655 mumque
990 2571 1050 2652 qni
1071 2569 1216 2638 Geanem

290 2689 466 2771 succedat,
487 2685 673 2773 lieyniurn,
695 2687 785 2754 hunc
807 2687 980 2755 invitarent
1004 2700 1038 2752 et
1061 2685 1098 2754 in
1120 2703 1214 2754 rrcaa

282 2803 461 2890 'provincia
476 2803 688 2870 collocarent·
723 2807 837 2886 ltaque
850 2800 1039 2868 Ruhnkenii
1053 2817 1216 2868 commen·

261 2913 263 2918 ’
286 2915 422 2985 'datione
438 2915 561 2984 facturn
580 2931 654 2999 eat,
677 2929 715 2983 ut
732 2913 883 3002 Heynirrr
897 2913 1106 3000 Gorttingam
1123 2935 1215 2984 voca·

289 3047 402 3118 retur,
424 3049 457 3100 et
479 3053 518 3102 co
543 3035 577 3102 in
602 3035 677 3101 loco
702 3049 874 3116 poneretur
890 3031 948 3099 obi
973 3029 1150 3116 plurimum
1171 3035 1215 3117 ip·

263 3199 265 3204 .
290 3147 362 3224 aina
386 3161 419 3214 et
440 3147 607 3233 ingenium
623 3148 657 3215 in
681 3141 801 3216 Literis
818 3167 856 3216 se
873 3146 1047 3234 proferret,
1066 3157 1101 3213 et
1116 3149 1218 3216 disci·

291 3261 382 3348 plina
398 3263 437 3330 ad
452 3255 632 3330 Literarom
649 3259 757 3330 norem
775 3263 1068 3346 incremeotnmqoe
1079 3265 1216 3332 vaieret.

276 3375 376 3465 'Ejus
391 3379 569 3448 doctrinam
587 3381 605 3448 d
626 3379 758 3449 duobus
771 3380 812 3448 ab
828 3377 889 3449 illo
902 3377 998 3448 offitia
1014 3379 1137 3464 iibria,
1161 3381 1216 3449 Ti·

291 3494 384 3564 bullo
401 3507 433 3563 et
455 3493 603 3580 Epicteti
622 3493 837 3581 Enchiridio,
866 3501 1032 3582 wcognitam
1059 3498 1217 3582 probare·

291 3617 366 3676 rant
392 3609 658 3678 Hcmaterhusioa
686 3623 718 3678 et
741 3606 980 3694 Roirnitotins,
1001 3611 1044 3678 de
1064 3623 1214 3694 eaqnect

293 3722 471 3806 praeclare,
493 3739 552 3810 et,
570 3737 607 3791 ut
623 3739 757 3792 eventus
774 3725 910 3808 docuit,
928 3743 1003 3794 vere
1014 3727 1220 3812 auguraban-

293 3849 362 3904 tur.
406 3839 575 3910 cancrum
593 3839 769 3911 Curatores
785 3840 1077 3928 Lopdanobaravi,
1093 3857 1135 3910 or
1150 3855 1220 3908 ern·

1145 3973 1220 4026 tum
