2508 4712
276 297 358 382 666
448 303 584 378 VITA
621 307 667 378 D.
708 303 1032 384 hunulchurt.

271 513 396 569 meum
415 493 598 580 proposito.
642 490 778 560 Biennio
794 507 904 578 postea
920 493 1124 584 Goettihgam
1139 519 1195 574 vs·

268 615 328 696 ni,
350 627 526 696 operaeque
551 608 688 694 pretium
716 609 801 692 feci,
830 627 905 676 cunr
933 612 1081 698 legendis
1098 616 1195 685 Grae.

267 737 317 806 eis
343 730 560 816 Scriptorihus
592 727 864 812 scriptorumque
896 729 1100 800 editionibus
1124 735 1191 820 iis,

268 846 391 931 quibus
406 843 508 910 adhm
525 859 614 924 aegre
628 857 811 922 canteram,
827 857 896 908 tum
914 861 992 910 vero
1009 847 1196 922 etiamcor.

194 956 205 978 '
268 959 405 1032 clliando
431 957 510 1024 meis
535 955 655 1024 studiis
683 955 832 1041 Heyuiop
856 959 936 1042 qui,
960 980 1067 1043 quum
1093 969 1197 1036 consi.

271 1077 351 1147 lium
366 1075 395 1143 ei
413 1074 607 1159 aperuissem
625 1091 755 1156 mcum,
776 1093 1013 1144 mecurteotem
1030 1079 1196 1164 incitavit,

268 1209 397 1262 narrans
417 1188 497 1272 quid
512 1187 577 1271 ipsi
596 1187 691 1254 officii
710 1189 892 1274 gratiaeque
906 1207 981 1257 cnm
1002 1193 1195 1268 Ruhnkenio

268 1305 497 1374 intercederet:
522 1305 663 1385 addens,
687 1321 722 1370 se
739 1323 796 1390 per
812 1305 919 1372 liceras
937 1325 1043 1376 meum
1060 1314 1090 1376 ei
1106 1311 1199 1380 libel·

274 1413 342 1493 ium
361 1423 674 1492 commendaturumr
693 1420 791 1505 idque
810 1441 887 1490 mox
906 1425 1077 1506 praestitit.
1111 1429 1198 1495 Cae-

268 1543 371 1616 t'erurn
388 1539 604 1610 Ruhnkenius
623 1555 654 1604 et
671 1541 813 1606 nondum
831 1542 904 1607 viso
922 1559 996 1608 meo
1010 1541 1141 1626 libello,
1156 1545 1197 1612 ad

271 1647 380 1728 liceras
399 1674 483 1724 meas
502 1653 730 1722 humanissime
750 1655 939 1740 respondite
964 1673 1142 1744 etaccepto
1154 1664 1197 1738 le·

269 1793 413 1859 eroque,
430 1775 507 1842 adeo
525 1773 603 1844 tnihi
617 1788 758 1852 amanter
777 1771 1065 1856 scripsir‚adeoad
1078 1779 1197 1846 laudem

227 1973 230 1984 ,
271 1891 474 1974 honorifice,
491 1892 569 1958 adeo
585 1893 672 1958 omni
688 1909 753 1956 mea
766 1907 848 1972 spe,
865 1889 1046 1975 opinione,
1066 1895 1196 1978 merito,

274 2006 495 2086 cumulatim,
514 2019 551 2070 ut
568 2003 614 2069 nil
630 2021 728 2089 supra
745 2019 817 2070 esse
831 1999 963 2084 posset.'
983 2004 1122 2088 Saepein
1133 2027 1198 2074 me.

277 2123 410 2192 moriam
431 2121 524 2188 redeo
542 2121 611 2206 ejus
626 2117 790 2200 diei,quo
803 2117 855 2184 die
866 2119 923 2186 has
939 2123 1047 2204 accepi
1064 2122 1197 2191 literas:

271 2245 311 2306 ut
335 2256 387 2305 eas
408 2235 494 2321 legi,
521 2236 640 2319 relegi,
667 2234 873 2302 exosculatus
898 2253 996 2302 sum:
1015 2251 1051 2302 ut
1069 2255 1122 2304 mc
1142 2258 1197 2323 per

271 2352 454 2434 complures
472 2351 624 2435 deinceps
639 2351 708 2416 dies
732 2349 885 2418 insolitus
902 2353 1034 2434 quidam
1052 2373 1112 2422 nec
1132 2374 1196 2423 sru-

271 2469 345 2556 pori
361 2466 555 2548 dissimilis,
580 2467 707 2534 fatebor
729 2467 836 2549 enim,
855 2468 999 2552 placidae
1016 2475 1194 2558 voluptatis

272 2587 406 2656 affectus
424 2581 541 2652 tenuit.
571 2581 642 2650 Nec
660 2583 789 2650 mirum.
812 2585 977 2654 Diuturna
993 2604 1196 2671 quatuoran·

271 2715 387 2770 norum
404 2698 705 2784 exspectatione,ct
723 2701 818 2784 qttasi
833 2704 931 2772 animi
946 2707 1192 2790 contractione,

163 2857 166 2865 ·
274 2816 386 2884 subito
402 2813 561 2882 solvebat.
605 2815 773 2882 Neminem
791 2819 896 2888 adhuc
915 2821 1114 2907 habueram,
1139 2825 1194 2909 qui

270 2908 371 3000 iuream
398 2949 524 3016 operam
547 2949 751 3016 agnosceret:
777 2953 900 3018 paucos
930 2940 1197 3022 parcusquelau·

271 3051 420 3120 datores:
447 3049 567 3115 multos
589 3047 649 3116 mei
663 3049 761 3114 studii
781 3051 1043 3136 reprehensores,
1067 3069 1102 3118 ut
1118 3055 1196 3121 inu·

265 3147 340 3234 mtilis
357 3165 395 3233 ad
412 3165 500 3231 vitae
520 3182 636 3228 usum:
662 3182 786 3234 omnem
816 3184 905 3248 spem
934 3185 1133 3250 reposueram
1152 3169 1195 3234 ad

264 3264 350 3349 'illud
361 3298 508 3363 tempus,
520 3295 586 3361 quo
599 3295 696 3344 meato
721 3298 846 3362 operam
864 3277 1081 3366 Ruhnkenio,
1095 3281 1195 3350 Vale.

266 3390 401 3470 ¹henario
411 3447 424 3482 ,
435 3401 615 3481 horumque
629 3395 803 3465 simillimis
816 3397 897 3465 viris
910 3399 1123 3485 probassem,
1137 3402 1195 3468 hu·

261 3496 386 3605 'josque
413 3514 517 3582 laudis
543 3511 781 3596 exspectatione
797 3529 922 3579 omnem
941 3527 974 3584 et
992 3512 1119 3582 laboris
1137 3513 1195 3582 mci

269 3649 450 3700 aerumnam
472 3643 504 3694 et
529 3625 751 3711 imperitorum
776 3627 1054 3710 reprehensionem
1082 3634 1194 3697 tolera·

253 3731 385 3812 'veram
430 3743 529 3810 Nune
558 3756 779 3825 exspectatum
806 3744 888 3814 illud
914 3759 1046 3828 tempus
1068 3747 1193 3827 adeat,

270 3873 301 3929 et
319 3856 515 3928 uberrimum
535 3855 643 3928 laudis
664 3856 825 3946 animique
851 3857 997 3937 fructum
1019 3861 1192 3936 adferebat.
