2388 4714
131 289 371 379 strirmlcm
390 282 662 362 MOMLlUll.
683 275 805 356 volai‘.
852 283 935 366 2⁷9.

19 495 140 586 eliqnid
152 491 300 583 postultre
315 483 409 572 quod
425 479 460 550 in
478 493 512 545 te
528 491 562 544 et
584 487 699 542 nstuta
716 487 781 538 non
799 471 843 536 slt
860 485 923 551 po-

17 619 129 686 situm.
171 609 276 693 Neque
315 605 389 688 ipse
419 609 663 666 nscnnrus
702 600 927 656 sreztnts·

20 753 98 801 ens
134 749 165 796 st
182 739 294 794 emtam
321 718 490 787 seientiam
514 721 727 780 consecutum
754 698 925 786 profiteba-

22 869 90 918 turs
121 861 152 914 et
174 856 235 910 ent
265 855 372 906 tamen
404 851 473 900 non
504 831 610 898 solunt
641 837 840 892 annoto
870 817 931 885 do·

19 970 119 1050 snos,
139 965 187 1030 ted
207 963 241 1029 in
262 953 464 1024 doctissimis
488 945 566 1016 roeo
588 939 777 1010 horninibus
797 951 931 1001 censens

23 1087 96 1151 dns.
143 1079 232 1148 Unus
270 1074 357 1140 forte
390 1075 626 1156 posennus
662 1068 934 1130 sosnrosne

28 1213 117 1282 quen
132 1213 164 1260 tx
189 1187 363 1266 omnibns,
387 1181 444 1263 qni
469 1186 689 1262 postremitas
713 1167 840 1234 Literas
863 1159 936 1226 fue·

29 1331 113 1396 runt,
132 1312 215 1382 omni
244 1299 462 1388 Antiquitatis
491 1295 626 1363 scientis
652 1282 936 1356 consummatissi·

32 1451 101 1499 nnn
116 1425 280 1496 exstitisse
305 1431 455 1497 constat,
478 1429 546 1481 non
563 1407 711 1474 ‘multum
734 1401 773 1467 ab
790 1401 847 1464 hac
864 1415 938 1480 pers

3 1551 5 1638 i
27 1549 154 1616 sectione
176 1540 294 1608 abluit.
339 1534 404 1600 sed
422 1549 479 1597 nee
498 1524 659 1594 saeculum
680 1513 938 1596 sinumquodque

3 1641 5 1716 i
28 1670 323 1733 scestoettust
351 1648 434 1726 fert,
457 1663 515 1712 neo
544 1641 630 1708 cadit
643 1638 708 1704 tale
725 1632 890 1717 ingenium
907 1629 941 1696 in

3 1789 5 1864 ᾗ
29 1793 160 1848 nostrum
178 1769 367 1846 saeculnm
388 1760 440 1832 tior
463 1765 513 1828 νῦν
534 1757 632 1840 βροτοί
648 1759 720 1822 slat.
765 1749 941 1815 Enimvero

3 1913 4 1916 ’
27 1897 66 1959 rel
87 1885 252 1957 hodiernis
279 1898 358 1948 suae
382 1890 414 1943 et
436 1873 548 1940 aetatis
576 1884 618 1936 et.
632 1864 749 1950 patriae
765 1862 798 1928 in
820 1858 940 1940 rebus,

29 2029 96 2094 quse
114 2021 188 2077 snte
208 2001 329 2070 oculos
352 2013 384 2063 et
402 1994 436 2060 in
452 2001 583 2078 promtu
601 1984 727 2069 positae
746 1992 842 2059 sunt,
866 1973 942 2059 quis

28 2131 101 2196 illan
115 2137 235 2193 tantam
250 2115 357 2186 tenuit
375 2105 569 2179 seientiam?
615 2099 773 2185 igiturne
795 2093 939 2177 antiquis

31 2243 144 2326 quinem
159 2239 192 2305 in
207 2233 308 2301 rebus
329 2243 361 2295 et
382 2221 577 2310 cognitnlis
590 2215 811 2293 difficillimis,
836 2210 942 2296 exiga-

32 2369 81 2421 tnr
91 2355 128 2422 ab
140 2355 322 2434 interprete.
366 2342 479 2410 Valeat
497 2338 601 2416 iliud,
630 2335 693 2401 Est
711 2331 847 2422 quodam
862 2351 940 2421 pro·

29 2471 215 2550 ritatem,
238 2470 266 2533 si
287 2479 351 2528 nan
366 2458 472 2526 datur
486 2451 590 2524 uitro.
635 2449 760 2518 Habeat
785 2452 944 2532 interpres

33 2607 85 2654 en
105 2585 307 2663 doctrinam,
331 2596 395 2661 qua
424 2573 573 2641 mendosa
593 2569 721 2653 quiden
743 2569 784 2634 ab
803 2566 940 2651 integris

37 2725 139 2790 snper
152 2703 350 2787 dignoscet,
374 2711 466 2776 saepe
483 2689 577 2758 etiam
599 2689 762 2757 emendet:
781 2686 941 2764 obseura,

36 2821 86 2886 sisi
103 2821 236 2903 penitas
261 2814 422 2889 illustret,
445 2823 550 2876 tamen
571 2805 727 2874 hierenus
749 2799 942 2884 patefaciam

40 2955 67 3004 tt
82 2941 221 3025 legentes
247 2933 282 3000 in
303 2925 444 3013 vestigio
476 2939 595 3009 ponat,
611 2919 696 3003 'qno
723 2915 945 3003 persequendo

39 3053 171 3139 reliquato
199 3046 433 3119 obscuritatem
453 3041 519 3125 ipsi
533 3031 729 3122 dispoliaret
753 3033 887 3102 omnino
904 3035 950 3098 slt

44 3167 85 3247 is,
106 3169 157 3251 qni
180 3175 297 3250 regnet
323 3163 358 3229 in
382 3159 438 3226 illa
462 3153 614 3224 editionis
641 3148 737 3234 quasi
759 3146 952 3234 provincia,

50 3284 240 3352 nminem
265 3275 381 3344 habnt
410 3273 505 3338 inea
533 3266 730 3352 superiorem
760 3281 798 3328 ex
829 3259 869 3326 iis
895 3263 954 3344 qni

52 3413 120 3466 nunt
130 3415 243 3467 aaron
264 3405 366 3480 egunt
384 3385 593 3467 hominibns3
616 3400 714 3452 nemo
731 3379 813 3462 ipso·
830 3380 956 3444 Aucto·

54 3523 216 3606 magis
237 3513 430 3600 cognitum,
454 3521 650 3587 tractatum,
675 3512 875 3586 perspectum
903 3499 959 3566 ht·

52 3634 133 3716 belli
152 3655 246 3705 nerno
265 3647 329 3700 tatn
349 3631 467 3699 doetus
488 3625 533 3692 sit
549 3624 630 3706 'quin
650 3621 810 3704 exipsius
836 3615 963 3686 Editio-

50 3761 84 3812 Μ
99 3749 249 3832 proluere
268 3745 391 3832 possit.
436 3741 515 3827 Quo
543 3738 670 3822 quiden
696 3735 794 3820 gradu
819 3750 870 3800 sne
895 3747 966 3799 non

49 3877 121 3950 esst,
146 3871 220 3953 ipse
244 3861 328 3934 ntlhi
355 3877 428 3930 sum
452 3859 559 3926 testis.
611 3855 837 3924 noctrlnnum
867 3845 966 3916 morlo

70 3993 75 4010 '
350 3971 355 3982 '
539 3969 562 4036 S
580 3989 603 4052 4
903 3973 968 4027 ωε·
