2470 4724
233 323 375 406 vrri
409 320 455 402 u.
491 323 822 410 tuuruusuu.
922 355 988 439 3„

62 517 976 610 licutauctoritatemqueamittunt,vacuaerelinquuntur.

101 647 254 709 Attamen
269 637 355 723 apud
370 651 432 704 nos
447 637 478 704 in
494 636 623 706 Batavla
639 641 814 728 discipuli,
830 660 902 714 eum
921 651 979 722 Li.

53 761 223 838 terarum,
245 769 313 822 tum
343 755 471 824 aliarum
504 756 728 842 plerarumque
759 763 976 839 doctrinarum

57 872 224 952 studiosi,
236 871 301 937 fere
313 872 435 952 ailquid
450 871 511 938 sibi
523 874 637 940 dictari
651 879 787 946 volunta
806 899 884 950 sunt
900 887 978 955 adeo

58 991 118 1070 qui
135 977 324 1054 dictatorum
338 985 562 1071 longitudine,
579 989 764 1075 latitudine,
787 1000 979 1070 enasitudi·

58 1121 124 1184 ne,
147 1098 375 1187 spissitudine,
397 1116 430 1164 et
445 1102 589 1168 locorum
608 1106 777 1176 citatorum
797 1114 981 1183 multitudi-

59 1237 125 1300 ne,
149 1214 293 1301 magistri
318 1214 496 1284 doctrinam
518 1220 702 1288 metiantur.
747 1225 899 1311 Cognovi
921 1231 980 1300 ali.

59 1334 191 1416 quando
212 1329 432 1399 Professoret'n
459 1333 492 1401 in
517 1325 650 1405 Graecis
667 1338 787 1410 Litetis
805 1361 927 1417 notum
944 1366 981 1420 ac

58 1449 197 1528 rudem,
220 1445 278 1528 qui
300 1445 430 1512 scholas
453 1446 581 1516 haberet
605 1451 857 1538 interpretationi
876 1466 985 1531 lieno·

59 1561 280 1644 phonteorum
312 1555 574 1630 Memorabilium
602 1563 747 1634 Socratis
778 1573 980 1649 destinatas,

58 1675 235 1755 utebatur,
257 1673 333 1739 item
347 1686 385 1738 ut
397 1673 570 1759 discipuli,
593 1681 737 1764 exemplo
752 1685 902 1756 editionis
919 1691 981 1757 Er·

61 1791 232 1859 nestinaea
253 1807 291 1860 ex
318 1790 417 1875 hujus
444 1793 533 1858 notis
561 1813 663 1862 novas
678 1800 874 1882 compilabat
888 1819 983 1874 notu·

62 1907 243 1990 las-,iocos
265 1907 383 1975 citatos
401 1909 670 2010 transscribebat,
687 1931 824 1997 quorum
839 1939 897 1988 nec
913 1941 986 1992 scn-

64 2042 142 2091 sum
164 2023 384 2108 perspiceret,
407 2025 466 2090 nec
489 2040 637 2094 auctores
660 2045 791 2099 nosseta
816 2033 873 2100 iras
888 2035 985 2120 dapes

52 2139 246 2227 ¹opponebat
271 2139 466 2224 discipulis,
495 2141 552 2224 qui
582 2161 633 2209 eas
658 2145 702 2210 lta
726 2145 851 2216 hiantes
877 2169 985 2236 capta·

61 2255 144 2324 bant
159 2261 195 2322 ac
210 2253 433 2337 devorabant,
448 2270 484 2321 ut
501 2256 564 2323 sibl
579 2258 669 2325 vaide
685 2259 769 2330 beati
782 2263 983 2350 viderentur,

59 2395 124 2446 nec
141 2387 247 2440 tamen
262 2373 313 2437 vei
330 2373 557 2455 Xenophontis
575 2373 690 2440 librum
702 2376 754 2444 vel
770 2381 911 2462 magistri
923 2395 983 2452 no.

63 2497 153 2564 tuias
176 2493 408 2576 iutelligereut3
433 2491 556 2576 quippe
579 2510 715 2575 quorum
741 2510 889 2565 neutrum
916 2499 987 2583 ipae

63 2610 265 2696 intelligebat
286 2609 446 2693 magister.
491 2609 618 2676 Horum
634 2611 870 2694 discipulorum
892 2631 986 2696 post·
1024 2675 1027 2681 .

62 2743 98 2792 ea
129 2723 282 2791 nonnulli
298 2723 333 2788 in
351 2725 517 2807 cujusdam
541 2726 671 2789 scholas
687 2723 841 2794 doctioris
859 2727 989 2795 Profes-

66 2841 156 2909 soris
169 2839 385 2920 ventitarunt,
408 2839 442 2904 iu
459 2837 582 2919 quibus
595 2835 681 2904 forte
695 2839 776 2904 idem
792 2840 990 2924 Xenophon·

65 2973 156 3026 tcum
180 2971 264 3042 opus
286 2970 496 3038 tractaretur,
517 2973 552 3022 ca
577 2955 703 3038 quidem
723 2955 865 3040 ratione,
888 2973 924 3025 ut
942 2961 990 3028 di·
1105 2964 1108 2972 '

67 3076 189 3160 scipuli
212 3076 276 3160 ipsi
300 3075 448 3160 singulos
478 3075 570 3141 locos
597 3076 898 3160 interpretarentur,
920 3084 987 3149 eta

69 3193 230 3278 magistro
255 3189 356 3276 adjuti
373 3192 593 3274 correctique,
617 3190 656 3256 ad
677 3193 914 3277 intelligentiam
932 3209 992 3262 att·

67 3311 197 3392 ctoris,
218 3327 342 3390 rerum,
365 3309 570 3394 proprietatis
590 3288 730 3377 Graecae
752 3321 986 3383 exercerenturt

68 3437 177 3508 pauca
202 3423 419 3504 dictarentur,
442 3423 496 3490 sed
521 3427 757 3492 accommodata
775 3427 814 3492 ad
833 3425 926 3494 iliani
940 3427 990 3497 iti·

69 3537 303 3622 telligentiam,
324 3553 358 3603 et
381 3541 421 3604 ad
445 3543 661 3621 praesentiunt
680 3539 917 3624 discipulorum
940 3561 992 3611 ca·

69 3667 194 3738 ptum,
219 3667 334 3735 usum,
356 3654 598 3724 necessitatem:
624 3657 773 3740 pauciora
794 3659 886 3726 etiam
912 3665 992 3730 cita·

71 3783 197 3836 renem.
243 3768 297 3836 lili
325 3771 462 3838 veterani
480 3745 543 3839 'occ
569 3773 664 3838 verba
687 3771 912 3855 Xenophontis
935 3791 993 3843 nec

78 3883 357 3951 constructionem
372 3899 509 3954 nonntt
527 3899 557 3950 et
575 3899 699 3984 tamen,
716 3899 751 3952 ut
766 3886 925 3967 vucrani,
938 3881 996 3974 qai

559 3997 616 4088 Pp
923 3999 1002 4086 plus
