2438 4718
137 281 144 314 ··
188 275 241 350 nt
266 269 537 352 tnurrncrn
564 267 795 355 Monuit:
821 275 867 338 ¹⁴?
893 301 976 378 pn

85 459 251 550 sei'quo'd
267 457 541 550 saepe'diximur,
563 465 621 534 ilia
646 460 873 552 interpretandi
891 477 963 546 offl-

49 581 94 650 eia
112 581 289 648 adhibenda
310 597 381 648 oete
402 581 484 648 iocia
508 579 550 647 iio
576 582 634 664 qui
658 583 910 672 eardetiderent,
932 605 966 658 et

49 709 199 778 quantum
215 695 394 762 desiderent
406 707 502 780 atquo
518 714 603 781 opus
623 698 781 768 irrbeant:
797 701 861 768 hoe
875 708 968 786 quale

48 811 108 895 ait,
129 811 375 898 inteiiiqondum
390 825 452 880 ert.
490 811 716 897 interpretatio
732 829 859 885 certum
873 819 969 888 finem

42 947 78 999 ac
102 929 235 998 modum
260 929 383 998 habnt.
428 927 537 1013 Nam,
561 945 598 997 ut
618 949 714 999 nemo
740 933 869 1002 dubitat
887 937 971 1019 quin

41 1049 180 1120 obseura
200 1046 377 1129 illustrari,
396 1045 563 1132 impedita
582 1048 724 1133 expediri
743 1049 900 1118 debeatur
924 1051 972 1122 ita

44 1161 207 1230 dubitatur
219 1159 298 1245 quid
314 1160 360 1230 ait
379 1160 556 1228 obscurum
575 1173 607 1226 et
621 1159 821 1244 impeditum.
862 1161 971 1246 Atqui

45 1277 122 1346 hanc
137 1297 200 1348 non
212 1297 271 1366 pet
287 1297 349 1362 ιιι,
375 1279 431 1347 tad
449 1277 692 1362 comparatione
709 1293 878 1348 eonamntt
899 1299 970 1353 nou
1096 1357 1100 1366 ,

48 1411 123 1468 aunt
137 1397 309 1482 absoluta,
330 1401 389 1466 ned
407 1399 525 1483 reitttq
542 1415 581 1467 ut
599 1399 688 1482 quod
702 1398 971 1472 aiiiaobscuruut

48 1511 297 1597 impeditumque
320 1515 385 1597 nit,
414 1516 498 1584 idem
517 1515 588 1583 aliis
611 1515 818 1600 perspicuum
843 1519 973 1601 expedi·
1112 1509 1118 1530 ⁸

47 1641 175 1714 uimque
193 1629 376 1715 reperiatur.
418 1631 509 1715 Ergo
523 1649 627 1714 neque
642 1631 687 1700 ita
697 1629 904 1700 diffundenda
917 1645 970 1700 eta

47 1737 290 1826 interpretatio,
306 1757 340 1812 ut
355 1761 413 1812 eot
428 1743 521 1812 etiam
538 1744 631 1812 iocos
646 1744 804 1829 explicet,
826 1744 884 1827 qui
901 1759 970 1814 nou

48 1856 106 1922 aisi
122 1859 232 1944 puerit
248 1877 285 1925 te
302 1858 465 1928 tionibus
481 1859 615 1928 obscuri
632 1861 718 1927 eintr
742 1877 847 1944 neque
862 1861 907 1926 ita
924 1877 972 1926 re·

51 1975 251 2062 rumpenda,
273 1987 396 2044 utnon
414 1975 478 2044 niti
496 1993 552 2042 eor
573 1977 709 2060 attingat
722 1975 837 2058 ioeor,
850 1975 884 2044 in
899 1975 973 2063 qui·

50 2085 104 2156 ius
119 2089 305 2158 doctissimi
324 2089 469 2158 hominen
484 2089 641 2158 hameant.
687 2093 726 2156 in
743 2089 845 2173 priori
858 2099 971 2172 gentte
1047 2137 1049 2142 ·

50 2219 119 2272 eunt
133 2205 363 2289 Mineiiiamae,
387 2205 626 2288 Farnabianae,
649 2205 835 2288 similetque
853 2203 970 2272 editio·

54 2335 125 2386 neat
145 2337 304 2407 quarugo
321 2321 406 2388 haud
421 2322 551 2406 penitoa
567 2337 764 2404 contemno,
779 2303 900 2405 quippe
917 2319 968 2404 ip·

52 2440 267 2520 sequendam
295 2455 401 2506 earum
426 2439 593 2506 utilitatem
621 2453 788 2523 expertum
812 2437 869 2508 ted
891 2438 969 2506 Plu·

51 2553 179 2622 tarchom
198 2569 311 2626 totum
329 2555 368 2622 ad
384 2573 452 2624 eam
469 2555 623 2623 rationem
642 2557 693 2624 edi
711 2555 825 2624 nolim.
869 2551 909 2626 In
923 2551 972 2618 ai·

50 2677 110 2735 tero
124 2683 339 2754 pepererunt
360 2667 559 2738 Bentleianne
584 2685 617 2736 et
639 2669 762 2736 similer
788 2665 973 2746 edidonea,

49 2799 122 2864 quae
146 2785 247 2854 unice
265 2784 305 2852 in
329 2785 524 2851 emendando
548 2796 740 2862 tutantur,
772 2795 900 2849 omnem
922 2793 973 2844 re·

13 2951 23 2969 r
52 2913 117 2962 tum
131 2901 367 2981 verborumque
382 2899 705 2984 interpretationem,
727 2894 821 2976 quasi
835 2892 972 2982 legenti·

55 3008 107 3078 bus
121 3017 306 3099 cognitam,
329 3015 506 3082 omittuntt
527 3029 586 3080 nee
603 3027 670 3078 eam
689 3007 754 3077 nisi
770 3005 897 3090 obiter,
913 3007 972 3076 ubi

52 3129 270 3200 emendationis
298 3128 380 3198 ratio
409 3127 565 3197 reddenda
587 3140 658 3208 est,
687 3125 865 3208 attingunt.
917 3123 975 3197 Ad

54 3255 137 3320 quem
162 3247 321 3326 modom,
343 3243 549 3328 paucuomis
575 3240 871 3320 accommodatum,
902 3255 970 3316 non

49 3353 177 3426 adeodua
191 3375 244 3431 eat
260 3359 480 3440 Plutarchus,
501 3359 598 3446 eujna
619 3355 766 3426 doctrina
779 3372 852 3426 eum
870 3355 966 3426 babet

52 3461 202 3557 fructum,
218 3473 283 3558 qoi
302 3475 342 3548 ad
353 3491 555 3558 communem
571 3473 716 3548 omnium
730 3459 903 3548 utilitatem
919 3489 974 3542 tx·
1038 3495 1047 3517 ‘

50 3579 153 3660 punrt
167 3587 298 3655 debeat.
343 3585 433 3676 Quid
452 3586 576 3672 igitur?
603 3585 712 3654 Media
744 3588 897 3672 quaedam
926 3601 974 3656 te·

53 3696 143 3774 ittdt
166 3715 219 3778 eat
245 3703 320 3792 via,
343 3721 440 3790 quam
462 3702 691 3790 quisquemon
712 3703 973 3795 imperitissimus

511 3820 640 3910 lies·
929 3835 981 3922 tn·

990 4069 996 4116 i
