2438 4718
178 316 520 406 benvenutum
542 319 860 396 nnucnttottn.
926 333 1006 413 sod·

64 529 200 610 propter
225 517 309 586 hane
334 513 492 584 orationis
515 511 705 580 brevitatem
723 507 822 578 hunc
844 509 999 608 libellum·

69 657 88 705 a
102 634 279 704 Plutarcho
293 634 356 718 iam
375 629 502 699 seniore
517 630 676 713 scriptum
691 627 876 694 censentis?
907 627 996 718 Quid

65 749 178 832 aliud,
194 749 258 816 nisi
274 747 491 816 adolescentis
504 745 609 812 fuisse
621 746 715 812 iatam
730 745 915 826 opinionem
925 747 998 814 nul·

65 865 105 932 lo
117 863 223 932 adhuc
237 863 508 931 uauPlutarchere
523 861 717 945 scriptionis
731 858 872 928 subacti.
893 861 996 928 Haec·

71 979 147 1049 cine
166 977 265 1046 luerit
287 979 450 1047 Plutarchi
476 993 647 1060 senectus,
671 993 734 1044 tam
758 978 882 1046 diversa
898 981 1001 1062 stilo,

69 1109 138 1166 nm
165 1113 267 1164 rerum
287 1095 410 1180 inopsi
454 1095 499 1164 Et
524 1093 755 1162 adolescentiae
780 1108 813 1160 et
837 1096 1000 1164 senectuti

69 1215 145 1300 ipsa
168 1229 281 1283 natura
308 1228 340 1282 et
371 1229 456 1282 aetas
482 1213 584 1284 adfert
612 1215 868 1284 redundantiam:
891 1216 941 1284 illi
965 1218 1001 1286 in

69 1331 203 1414 verbis,
226 1329 364 1417 figuris,
387 1344 419 1398 et
445 1330 672 1398 sententiarum
696 1329 897 1420 luminibus:
921 1331 1001 1400 huic

71 1447 111 1514 in
128 1445 435 1514 commemoratione
454 1465 556 1512 rerum
581 1445 901 1529 admonitionumque
915 1450 967 1515 vel
984 1469 1002 1518 a

74 1561 245 1630 doctrinae
274 1559 406 1644 copiis,
428 1563 479 1628 vel
495 1561 536 1628 ab
552 1561 762 1646 experientiae
777 1561 1019 1634 observatione·

74 1673 275 1742 oblatarum.
316 1673 490 1741 Rhetorica
506 1674 656 1742 videntur
668 1695 686 1740 a
700 1678 817 1760 juvene
831 1676 1004 1746 Plutarcho

74 1801 234 1854 tractatae
255 1789 418 1876 iuveniles
444 1789 519 1856 itetn
538 1805 617 1856 sunt
639 1789 833 1873 scriptiones
858 1787 1006 1858 consola·

74 1909 128 1972 tio
153 1902 204 1970 ad
219 1903 446 1992 Apollonium,
468 1919 501 1972 et
519 1905 735 1994 Reprehensio
759 1905 938 1974 Herodoti:
958 1925 1008 1974 se.

73 2019 181 2102 nilis,
204 2039 246 2088 ne
271 2021 348 2088 alias
376 2022 501 2108 dicam,
523 2021 579 2092 Ao
603 2024 672 2087 teni
686 2021 832 2108 geronda
847 2025 892 2090 sit
905 2021 1005 2110 Resp.

73 2137 111 2204 in
129 2136 283 2220 utrisque
302 2152 407 2206 tamen
424 2139 630 2208 Plutarchum
646 2155 824 2226 agnoscas,
845 2157 918 2206 cnm
937 2141 1009 2209 aliis

75 2252 109 2320 iu
132 2250 303 2339 partibus,
326 2251 448 2322 cumin
470 2254 689 2323 redundantia.
731 2253 880 2323 Platonis
905 2255 1007 2326 libros

76 2362 133 2430 De
156 2362 324 2452 Legibus,
355 2366 506 2434 Isocratis
545 2367 846 2454 Pennocrucium,
876 2369 1010 2440 Libanii

76 2481 256 2550 orationem
280 2481 334 2548 De
347 2481 429 2550 Vita
445 2483 540 2566 Sua,
562 2499 597 2549 ut
617 2485 785 2555 Ciceronis
805 2487 1008 2569 aliorumque

75 2596 202 2682 scripta
227 2615 268 2664 ne
285 2617 478 2667 memorent
506 2600 567 2668 hos
587 2600 686 2685 igitur
711 2601 835 2686 libros,
857 2599 1009 2686 quamvis

76 2713 118 2780 ab
136 2714 326 2782 auctoribus
349 2729 503 2800 provecta
522 2716 665 2798 scriptos
685 2732 808 2799 aetate,
832 2719 1011 2802 quisdicat

80 2829 240 2898 orationis
266 2831 536 2919 compositionem
553 2830 670 2898 habere
684 2833 869 2900 adstrictam
887 2849 919 2900 et
932 2853 1012 2938 con·

83 2947 208 3016 cisami

126 3061 191 3131 Sed
207 3083 274 3148 quo
289 3053 390 3154 magis
403 3065 558 3136 orationis
573 3065 792 3151 dictionisque
805 3066 1012 3140 Plutarcheae

82 3201 252 3270 germanae
278 3205 310 3255 et
330 3187 458 3273 spuriae
472 3185 684 3254 diversitatem
706 3188 783 3271 quis
798 3187 936 3274 sentiat3
959 3189 1014 3259 ha·

85 3298 162 3368 beat
179 3300 286 3385 primo
299 3303 503 3371 Plutarcheae
520 3303 784 3373 cousuetudinem
801 3317 833 3370 et
850 3300 1014 3374 irradiari·

84 3429 209 3498 tatem,
237 3415 501 3486 Plutarcheorum
537 3419 693 3488 librorum
723 3421 861 3488 lectione
885 3438 1013 3492 contra·

83 3547 191 3600 cuma
216 3527 330 3600 deinde
357 3533 441 3620 legat
461 3553 517 3603 eoa
534 3535 630 3622 hujus
648 3536 749 3604 libelli
767 3541 880 3622 locos,
904 3540 1013 3624 quiin

91 3648 180 3716 veris
202 3647 368 3718 Plutarchi
395 3649 489 3718 libris
514 3651 589 3718 item
615 3668 785 3721 narrantur
797 3667 828 3721 et
845 3673 1015 3741 exponun-

88 3774 164 3844 tur,
189 3779 222 3830 et
243 3777 397 3848 utrosque
412 3764 548 3835 inuicem
574 3785 757 3853 comparere
786 3777 919 3859 reperiet
940 3791 1016 3858 pro·

76 3875 272 3969 ¹lecto,eoa
289 3881 472 3954 nonninus
490 3883 570 3956 stilo
588 3899 620 3956 et
636 3887 794 3975 oratione,
805 3909 901 3979 quam
919 3891 1017 3963 rebus
1142 3905 1144 3910 ’

989 4019 1022 4074 et
