<?xml version="1.0" encoding="UTF-8"?>
<!DOCTYPE html PUBLIC "-//W3C//DTD XHTML 1.0 Transitional//EN"
    "http://www.w3.org/TR/xhtml1/DTD/xhtml1-transitional.dtd">
<html xmlns="http://www.w3.org/1999/xhtml" xml:lang="en" lang="en">
 <head>
  <title>
</title>
<meta http-equiv="Content-Type" content="text/html;charset=utf-8" />
  <meta name='ocr-system' content='tesseract 3.04.00' />
  <meta name='ocr-capabilities' content='ocr_page ocr_carea ocr_par ocr_line ocrx_word'/>
</head>
<body>
  <div class='ocr_page' id='page_1' title='image "./opusculavariiar01wyttgoog_0595.png"; bbox 0 0 2470 4724; ppageno 0'>
   <div class='ocr_carea' id='block_1_1' title="bbox 273 313 1037 399">
    <p class='ocr_par' dir='ltr' id='par_1_1' title="bbox 273 313 1037 399">
     <span class='ocr_line' id='line_1_1' title="bbox 273 313 1037 399; baseline 0.013 -13"><span class='ocrx_word' id='word_1_1' title='bbox 273 329 342 399; x_wconf 75' lang='lat'>61⁰</span> <span class='ocrx_word' id='word_1_2' title='bbox 443 317 579 390; x_wconf 82' lang='lat' dir='ltr'>VITA</span> <span class='ocrx_word' id='word_1_3' title='bbox 616 317 666 393; x_wconf 66' lang='lat' dir='ltr'>D,</span> <span class='ocrx_word' id='word_1_4' title='bbox 701 313 1037 396; x_wconf 78' lang='lat' dir='ltr'>nunmnuttti.</span> 
     </span>
    </p>
   </div>
   <div class='ocr_carea' id='block_1_2' title="bbox 279 503 1197 712">
    <p class='ocr_par' dir='ltr' id='par_1_2' title="bbox 279 503 1197 712">
     <span class='ocr_line' id='line_1_2' title="bbox 279 503 1197 596; baseline 0.004 -18"><span class='ocrx_word' id='word_1_5' title='bbox 279 513 409 596; x_wconf 87' lang='lat' dir='ltr'>quidem</span> <span class='ocrx_word' id='word_1_6' title='bbox 432 507 493 576; x_wconf 92' lang='lat' dir='ltr'>illo</span> <span class='ocrx_word' id='word_1_7' title='bbox 509 503 695 576; x_wconf 68' lang='lat' dir='ltr'>Latinitatis</span> <span class='ocrx_word' id='word_1_8' title='bbox 720 524 752 576; x_wconf 93' lang='lat' dir='ltr'>et</span> <span class='ocrx_word' id='word_1_9' title='bbox 776 509 954 594; x_wconf 88' lang='lat' dir='ltr'>orationis,</span> <span class='ocrx_word' id='word_1_10' title='bbox 979 511 1085 578; x_wconf 86' lang='lat' dir='ltr'>sedin</span> <span class='ocrx_word' id='word_1_11' title='bbox 1103 514 1197 584; x_wconf 56' lang='lat' dir='ltr'>tatio&amp;</span> 
     </span>
     <span class='ocr_line' id='line_1_3' title="bbox 279 624 1196 712; baseline -0.004 -14"><span class='ocrx_word' id='word_1_12' title='bbox 279 647 323 698; x_wconf 89' lang='lat' dir='ltr'>ne</span> <span class='ocrx_word' id='word_1_13' title='bbox 340 643 372 693; x_wconf 83' lang='lat' dir='ltr'>st</span> <span class='ocrx_word' id='word_1_14' title='bbox 388 625 517 694; x_wconf 83' lang='lat' dir='ltr'>materia</span> <span class='ocrx_word' id='word_1_15' title='bbox 536 643 602 692; x_wconf 88' lang='lat' dir='ltr'>non</span> <span class='ocrx_word' id='word_1_16' title='bbox 620 624 696 690; x_wconf 90' lang='lat' dir='ltr'>item</span> <span class='ocrx_word' id='word_1_17' title='bbox 723 625 903 708; x_wconf 88' lang='lat' dir='ltr'>probando.</span> <span class='ocrx_word' id='word_1_18' title='bbox 946 625 1035 692; x_wconf 86' lang='lat' dir='ltr'>Eum</span> <span class='ocrx_word' id='word_1_19' title='bbox 1063 630 1196 712; x_wconf 84' lang='lat' dir='ltr'>sequitur</span> 
     </span>
    </p>
   </div>
   <div class='ocr_carea' id='block_1_3' title="bbox 282 735 1201 1521">
    <p class='ocr_par' dir='ltr' id='par_1_3' title="bbox 282 735 1201 1521">
     <span class='ocr_line' id='line_1_4' title="bbox 282 735 1196 826; baseline -0.002 -14"><span class='ocrx_word' id='word_1_20' title='bbox 282 742 446 822; x_wconf 84' lang='lat' dir='ltr'>ordinem,</span> <span class='ocrx_word' id='word_1_21' title='bbox 470 757 508 806; x_wconf 93' lang='lat' dir='ltr'>ut</span> <span class='ocrx_word' id='word_1_22' title='bbox 536 741 677 822; x_wconf 88' lang='lat' dir='ltr'>primum</span> <span class='ocrx_word' id='word_1_23' title='bbox 697 758 746 804; x_wconf 90' lang='lat' dir='ltr'>res</span> <span class='ocrx_word' id='word_1_24' title='bbox 759 735 911 825; x_wconf 83' lang='lat' dir='ltr'>Judaicas</span> <span class='ocrx_word' id='word_1_25' title='bbox 925 754 1034 808; x_wconf 83' lang='lat' dir='ltr'>narret</span> <span class='ocrx_word' id='word_1_26' title='bbox 1050 745 1196 826; x_wconf 84' lang='lat' dir='ltr'>usquead</span> 
     </span>
     <span class='ocr_line' id='line_1_5' title="bbox 282 855 1195 943; baseline 0.003 -18"><span class='ocrx_word' id='word_1_27' title='bbox 282 873 412 942; x_wconf 82' lang='lat' dir='ltr'>tempus</span> <span class='ocrx_word' id='word_1_28' title='bbox 429 855 577 923; x_wconf 86' lang='lat' dir='ltr'>conditae</span> <span class='ocrx_word' id='word_1_29' title='bbox 602 855 694 922; x_wconf 88' lang='lat' dir='ltr'>urbis</span> <span class='ocrx_word' id='word_1_30' title='bbox 716 855 861 936; x_wconf 89' lang='lat' dir='ltr'>Rornae,</span> <span class='ocrx_word' id='word_1_31' title='bbox 883 857 997 924; x_wconf 88' lang='lat' dir='ltr'>deinde</span> <span class='ocrx_word' id='word_1_32' title='bbox 1021 857 1195 943; x_wconf 85' lang='lat' dir='ltr'>Romanas,</span> 
     </span>
     <span class='ocr_line' id='line_1_6' title="bbox 286 972 1197 1056; baseline -0.001 -11"><span class='ocrx_word' id='word_1_33' title='bbox 286 993 458 1056; x_wconf 84' lang='lat' dir='ltr'>carumque</span> <span class='ocrx_word' id='word_1_34' title='bbox 475 972 617 1055; x_wconf 88' lang='lat' dir='ltr'>spatium</span> <span class='ocrx_word' id='word_1_35' title='bbox 635 992 675 1040; x_wconf 91' lang='lat' dir='ltr'>ac</span> <span class='ocrx_word' id='word_1_36' title='bbox 696 991 815 1042; x_wconf 84' lang='lat' dir='ltr'>nomen</span> <span class='ocrx_word' id='word_1_37' title='bbox 832 972 1001 1040; x_wconf 84' lang='lat' dir='ltr'>continuet</span> <span class='ocrx_word' id='word_1_38' title='bbox 1019 987 1081 1056; x_wconf 84' lang='lat' dir='ltr'>per</span> <span class='ocrx_word' id='word_1_39' title='bbox 1097 977 1197 1044; x_wconf 83' lang='lat' dir='ltr'>Caesa·</span> 
     </span>
     <span class='ocr_line' id='line_1_7' title="bbox 288 1087 1198 1174; baseline 0 -15"><span class='ocrx_word' id='word_1_40' title='bbox 288 1112 357 1160; x_wconf 89' lang='lat' dir='ltr'>rum</span> <span class='ocrx_word' id='word_1_41' title='bbox 380 1090 634 1174; x_wconf 87' lang='lat' dir='ltr'>Byzantinotum</span> <span class='ocrx_word' id='word_1_42' title='bbox 657 1087 881 1156; x_wconf 72' lang='lat' dir='ltr'>successiones</span> <span class='ocrx_word' id='word_1_43' title='bbox 901 1091 941 1154; x_wconf 89' lang='lat' dir='ltr'>ad</span> <span class='ocrx_word' id='word_1_44' title='bbox 966 1089 1124 1158; x_wconf 81' lang='lat' dir='ltr'>Catulum</span> <span class='ocrx_word' id='word_1_45' title='bbox 1139 1093 1198 1158; x_wconf 84' lang='lat' dir='ltr'>Ma·</span> 
     </span>
     <span class='ocr_line' id='line_1_8' title="bbox 288 1202 1198 1290; baseline 0.003 -18"><span class='ocrx_word' id='word_1_46' title='bbox 288 1223 411 1290; x_wconf 80' lang='lat' dir='ltr'>gnum,</span> <span class='ocrx_word' id='word_1_47' title='bbox 434 1205 573 1287; x_wconf 89' lang='lat' dir='ltr'>indeque</span> <span class='ocrx_word' id='word_1_48' title='bbox 589 1221 646 1287; x_wconf 86' lang='lat' dir='ltr'>per</span> <span class='ocrx_word' id='word_1_49' title='bbox 662 1203 849 1270; x_wconf 85' lang='lat' dir='ltr'>Occidentis</span> <span class='ocrx_word' id='word_1_50' title='bbox 867 1202 1050 1288; x_wconf 73' lang='lat' dir='ltr'>Caesares,</span> <span class='ocrx_word' id='word_1_51' title='bbox 1073 1207 1122 1274; x_wconf 90' lang='lat' dir='ltr'>uti</span> <span class='ocrx_word' id='word_1_52' title='bbox 1137 1210 1198 1274; x_wconf 86' lang='lat' dir='ltr'>item</span> 
     </span>
     <span class='ocr_line' id='line_1_9' title="bbox 289 1317 1198 1402; baseline -0.001 -13"><span class='ocrx_word' id='word_1_53' title='bbox 289 1335 473 1402; x_wconf 85' lang='lat' dir='ltr'>vocantur,</span> <span class='ocrx_word' id='word_1_54' title='bbox 502 1323 542 1387; x_wconf 89' lang='lat' dir='ltr'>ad</span> <span class='ocrx_word' id='word_1_55' title='bbox 575 1317 753 1386; x_wconf 88' lang='lat' dir='ltr'>novissima</span> <span class='ocrx_word' id='word_1_56' title='bbox 787 1331 942 1400; x_wconf 88' lang='lat' dir='ltr'>tempora.</span> <span class='ocrx_word' id='word_1_57' title='bbox 996 1317 1198 1402; x_wconf 80' lang='lat' dir='ltr'>Reliquorum</span> 
     </span>
     <span class='ocr_line' id='line_1_10' title="bbox 290 1435 1201 1521; baseline -0.004 -13"><span class='ocrx_word' id='word_1_58' title='bbox 290 1439 433 1508; x_wconf 88' lang='lat' dir='ltr'>omnium</span> <span class='ocrx_word' id='word_1_59' title='bbox 462 1439 659 1521; x_wconf 88' lang='lat' dir='ltr'>populorum</span> <span class='ocrx_word' id='word_1_60' title='bbox 683 1435 778 1502; x_wconf 83' lang='lat' dir='ltr'>rebus</span> <span class='ocrx_word' id='word_1_61' title='bbox 802 1453 872 1502; x_wconf 87' lang='lat' dir='ltr'>nou</span> <span class='ocrx_word' id='word_1_62' title='bbox 896 1435 973 1500; x_wconf 88' lang='lat' dir='ltr'>item</span> <span class='ocrx_word' id='word_1_63' title='bbox 993 1453 1067 1502; x_wconf 82' lang='lat' dir='ltr'>taos</span> <span class='ocrx_word' id='word_1_64' title='bbox 1087 1439 1201 1518; x_wconf 87' lang='lat' dir='ltr'>cuique</span> 
     </span>
    </p>
   </div>
   <div class='ocr_carea' id='block_1_4' title="bbox 290 1555 1213 3856">
    <p class='ocr_par' dir='ltr' id='par_1_4' title="bbox 290 1555 1213 3856">
     <span class='ocr_line' id='line_1_11' title="bbox 290 1555 1200 1643; baseline 0.002 -17"><span class='ocrx_word' id='word_1_65' title='bbox 290 1562 385 1628; x_wconf 89' lang='lat' dir='ltr'>locos</span> <span class='ocrx_word' id='word_1_66' title='bbox 409 1577 565 1640; x_wconf 86' lang='lat' dir='ltr'>suamque</span> <span class='ocrx_word' id='word_1_67' title='bbox 577 1575 610 1626; x_wconf 89' lang='lat' dir='ltr'>et</span> <span class='ocrx_word' id='word_1_68' title='bbox 627 1555 789 1643; x_wconf 85' lang='lat' dir='ltr'>propriam</span> <span class='ocrx_word' id='word_1_69' title='bbox 810 1555 981 1627; x_wconf 88' lang='lat' dir='ltr'>historiam</span> <span class='ocrx_word' id='word_1_70' title='bbox 1000 1561 1071 1640; x_wconf 87' lang='lat' dir='ltr'>dat,</span> <span class='ocrx_word' id='word_1_71' title='bbox 1084 1562 1135 1626; x_wconf 84' lang='lat' dir='ltr'>sed</span> <span class='ocrx_word' id='word_1_72' title='bbox 1150 1579 1200 1628; x_wconf 85' lang='lat' dir='ltr'>tas</span> 
     </span>
     <span class='ocr_line' id='line_1_12' title="bbox 291 1675 1200 1758; baseline -0.004 -12"><span class='ocrx_word' id='word_1_73' title='bbox 291 1693 359 1746; x_wconf 91' lang='lat' dir='ltr'>non</span> <span class='ocrx_word' id='word_1_74' title='bbox 381 1677 449 1744; x_wconf 88' lang='lat' dir='ltr'>nisi</span> <span class='ocrx_word' id='word_1_75' title='bbox 470 1677 577 1744; x_wconf 88' lang='lat' dir='ltr'>obiter</span> <span class='ocrx_word' id='word_1_76' title='bbox 599 1695 636 1744; x_wconf 93' lang='lat' dir='ltr'>ac</span> <span class='ocrx_word' id='word_1_77' title='bbox 660 1676 797 1744; x_wconf 80' lang='lat' dir='ltr'>subinde</span> <span class='ocrx_word' id='word_1_78' title='bbox 820 1675 973 1758; x_wconf 73' lang='lat' dir='ltr'>attingus</span> <span class='ocrx_word' id='word_1_79' title='bbox 1006 1677 1134 1743; x_wconf 86' lang='lat' dir='ltr'>marine</span> <span class='ocrx_word' id='word_1_80' title='bbox 1152 1697 1200 1742; x_wconf 84' lang='lat' dir='ltr'>res</span> 
     </span>
     <span class='ocr_line' id='line_1_13' title="bbox 291 1794 1204 1878; baseline -0.001 -16"><span class='ocrx_word' id='word_1_81' title='bbox 291 1795 537 1862; x_wconf 76' lang='lat' dir='ltr'>Ecclesiasticus</span> <span class='ocrx_word' id='word_1_82' title='bbox 556 1807 782 1874; x_wconf 87' lang='lat' dir='ltr'>consectamr,</span> <span class='ocrx_word' id='word_1_83' title='bbox 803 1811 839 1859; x_wconf 92' lang='lat' dir='ltr'>ac</span> <span class='ocrx_word' id='word_1_84' title='bbox 864 1811 958 1877; x_wconf 86' lang='lat' dir='ltr'>saepe</span> <span class='ocrx_word' id='word_1_85' title='bbox 981 1794 1108 1861; x_wconf 73' lang='lat' dir='ltr'>aniliter</span> <span class='ocrx_word' id='word_1_86' title='bbox 1124 1794 1204 1878; x_wconf 86' lang='lat' dir='ltr'>inep-</span> 
     </span>
     <span class='ocr_line' id='line_1_14' title="bbox 292 1908 1204 1996; baseline -0.002 -17"><span class='ocrx_word' id='word_1_87' title='bbox 292 1913 357 1994; x_wconf 86' lang='lat' dir='ltr'>tit,</span> <span class='ocrx_word' id='word_1_88' title='bbox 380 1911 614 1996; x_wconf 83' lang='lat' dir='ltr'>superstitione</span> <span class='ocrx_word' id='word_1_89' title='bbox 625 1908 782 1996; x_wconf 71' lang='lat' dir='ltr'>iudicium</span> <span class='ocrx_word' id='word_1_90' title='bbox 805 1909 1051 1995; x_wconf 78' lang='lat' dir='ltr'>praepediente,</span> <span class='ocrx_word' id='word_1_91' title='bbox 1071 1927 1108 1978; x_wconf 88' lang='lat' dir='ltr'>ut</span> <span class='ocrx_word' id='word_1_92' title='bbox 1125 1913 1155 1978; x_wconf 85' lang='lat' dir='ltr'>in</span> <span class='ocrx_word' id='word_1_93' title='bbox 1170 1913 1204 1977; x_wconf 81' lang='lat' dir='ltr'>il·</span> 
     </span>
     <span class='ocr_line' id='line_1_15' title="bbox 295 2025 1204 2114; baseline -0.002 -18"><span class='ocrx_word' id='word_1_94' title='bbox 295 2030 361 2096; x_wconf 88' lang='lat' dir='ltr'>llus</span> <span class='ocrx_word' id='word_1_95' title='bbox 393 2031 504 2098; x_wconf 81' lang='lat' dir='ltr'>aetatis</span> <span class='ocrx_word' id='word_1_96' title='bbox 530 2029 727 2114; x_wconf 83' lang='lat' dir='ltr'>Theologo,</span> <span class='ocrx_word' id='word_1_97' title='bbox 755 2039 792 2095; x_wconf 83' lang='lat' dir='ltr'>ec</span> <span class='ocrx_word' id='word_1_98' title='bbox 819 2025 992 2111; x_wconf 84' lang='lat' dir='ltr'>pontificio</span> <span class='ocrx_word' id='word_1_99' title='bbox 1019 2043 1052 2095; x_wconf 85' lang='lat' dir='ltr'>et</span> <span class='ocrx_word' id='word_1_100' title='bbox 1076 2029 1204 2113; x_wconf 78' lang='lat' dir='ltr'>Jesur&#39;ta.</span> 
     </span>
     <span class='ocr_line' id='line_1_16' title="bbox 293 2141 1208 2229; baseline -0.007 -15"><span class='ocrx_word' id='word_1_101' title='bbox 293 2145 407 2229; x_wconf 82' lang='lat' dir='ltr'>Hujus</span> <span class='ocrx_word' id='word_1_102' title='bbox 442 2144 576 2212; x_wconf 89' lang='lat' dir='ltr'>rationis</span> <span class='ocrx_word' id='word_1_103' title='bbox 606 2155 727 2211; x_wconf 85' lang='lat' dir='ltr'>errores</span> <span class='ocrx_word' id='word_1_104' title='bbox 754 2141 919 2226; x_wconf 84' lang='lat' dir='ltr'>corrigens</span> <span class='ocrx_word' id='word_1_105' title='bbox 943 2141 1151 2208; x_wconf 78' lang='lat' dir='ltr'>Ruhnkenlus</span> <span class='ocrx_word' id='word_1_106' title='bbox 1175 2142 1208 2208; x_wconf 88' lang='lat' dir='ltr'>id</span> 
     </span>
     <span class='ocr_line' id='line_1_17' title="bbox 293 2254 1209 2343; baseline -0.003 -18"><span class='ocrx_word' id='word_1_107' title='bbox 293 2261 428 2343; x_wconf 79' lang='lat' dir='ltr'>agebat,</span> <span class='ocrx_word' id='word_1_108' title='bbox 454 2274 491 2325; x_wconf 94' lang='lat' dir='ltr'>ut</span> <span class='ocrx_word' id='word_1_109' title='bbox 508 2259 713 2338; x_wconf 84' lang='lat' dir='ltr'>Historiam,</span> <span class='ocrx_word' id='word_1_110' title='bbox 728 2257 817 2339; x_wconf 87' lang='lat' dir='ltr'>quod</span> <span class='ocrx_word' id='word_1_111' title='bbox 833 2254 966 2322; x_wconf 87' lang='lat' dir='ltr'>nomine</span> <span class='ocrx_word' id='word_1_112' title='bbox 981 2255 1166 2338; x_wconf 81' lang='lat' dir='ltr'>profitetur,</span> <span class='ocrx_word' id='word_1_113' title='bbox 1180 2275 1209 2322; x_wconf 86' lang='lat' dir='ltr'>rc</span> 
     </span>
     <span class='ocr_line' id='line_1_18' title="bbox 294 2370 1208 2457; baseline -0.001 -18"><span class='ocrx_word' id='word_1_114' title='bbox 294 2374 367 2456; x_wconf 87' lang='lat' dir='ltr'>ipsa</span> <span class='ocrx_word' id='word_1_115' title='bbox 386 2375 608 2442; x_wconf 79' lang='lat' dir='ltr'>Universalem</span> <span class='ocrx_word' id='word_1_116' title='bbox 628 2375 794 2456; x_wconf 81' lang='lat' dir='ltr'>redderet,</span> <span class='ocrx_word' id='word_1_117' title='bbox 817 2370 945 2439; x_wconf 81' lang='lat' dir='ltr'>existis</span> <span class='ocrx_word' id='word_1_118' title='bbox 967 2374 1128 2457; x_wconf 79' lang='lat' dir='ltr'>angustiis</span> <span class='ocrx_word' id='word_1_119' title='bbox 1142 2375 1208 2440; x_wconf 88' lang='lat' dir='ltr'>edu·</span> 
     </span>
     <span class='ocr_line' id='line_1_19' title="bbox 293 2488 1209 2576; baseline -0.001 -19"><span class='ocrx_word' id='word_1_120' title='bbox 293 2505 399 2571; x_wconf 78' lang='lat' dir='ltr'>stret,</span> <span class='ocrx_word' id='word_1_121' title='bbox 431 2489 564 2573; x_wconf 87' lang='lat' dir='ltr'>ineptlis</span> <span class='ocrx_word' id='word_1_122' title='bbox 592 2505 768 2576; x_wconf 82' lang='lat' dir='ltr'>purgaret,</span> <span class='ocrx_word' id='word_1_123' title='bbox 798 2488 985 2573; x_wconf 87' lang='lat' dir='ltr'>principum</span> <span class='ocrx_word' id='word_1_124' title='bbox 1008 2491 1141 2576; x_wconf 85' lang='lat' dir='ltr'>imperio</span> <span class='ocrx_word' id='word_1_125' title='bbox 1161 2493 1209 2556; x_wconf 92' lang='lat' dir='ltr'>do·</span> 
     </span>
     <span class='ocr_line' id='line_1_20' title="bbox 294 2604 1208 2689; baseline -0.002 -15"><span class='ocrx_word' id='word_1_126' title='bbox 294 2607 464 2687; x_wconf 78' lang='lat' dir='ltr'>ctrinaque</span> <span class='ocrx_word' id='word_1_127' title='bbox 488 2604 804 2688; x_wconf 80' lang='lat' dir='ltr'>populorumreuus</span> <span class='ocrx_word' id='word_1_128' title='bbox 830 2607 1068 2689; x_wconf 81' lang='lat' dir='ltr'>locupletaret,</span> <span class='ocrx_word' id='word_1_129' title='bbox 1094 2625 1208 2674; x_wconf 86' lang='lat' dir='ltr'>caussas</span> 
     </span>
     <span class='ocr_line' id='line_1_21' title="bbox 294 2721 1207 2808; baseline -0.003 -18"><span class='ocrx_word' id='word_1_130' title='bbox 294 2721 570 2804; x_wconf 86' lang='lat' dir='ltr'>conversionum,</span> <span class='ocrx_word' id='word_1_131' title='bbox 597 2721 779 2788; x_wconf 86' lang='lat' dir='ltr'>Literarum</span> <span class='ocrx_word' id='word_1_132' title='bbox 807 2739 1027 2808; x_wconf 85' lang='lat' dir='ltr'>progressus,</span> <span class='ocrx_word' id='word_1_133' title='bbox 1058 2726 1207 2793; x_wconf 76' lang='lat' dir='ltr'>hommum</span> 
     </span>
     <span class='ocr_line' id='line_1_22' title="bbox 295 2829 1208 2918; baseline -0.001 -10"><span class='ocrx_word' id='word_1_134' title='bbox 295 2853 403 2908; x_wconf 87' lang='lat' dir='ltr'>mores</span> <span class='ocrx_word' id='word_1_135' title='bbox 431 2829 575 2909; x_wconf 80' lang='lat' dir='ltr'>noutet:</span> <span class='ocrx_word' id='word_1_136' title='bbox 610 2841 749 2909; x_wconf 86' lang='lat' dir='ltr'>subinde</span> <span class='ocrx_word' id='word_1_137' title='bbox 779 2842 909 2908; x_wconf 87' lang='lat' dir='ltr'>testium</span> <span class='ocrx_word' id='word_1_138' title='bbox 937 2841 1033 2910; x_wconf 83' lang='lat' dir='ltr'>fldem</span> <span class='ocrx_word' id='word_1_139' title='bbox 1062 2857 1208 2918; x_wconf 79' lang='lat' dir='ltr'>censeret,</span> 
     </span>
     <span class='ocr_line' id='line_1_23' title="bbox 296 2957 1209 3044; baseline -0.005 -20"><span class='ocrx_word' id='word_1_140' title='bbox 296 2958 364 3024; x_wconf 83' lang='lat' dir='ltr'>veri</span> <span class='ocrx_word' id='word_1_141' title='bbox 396 2957 649 3041; x_wconf 87' lang='lat' dir='ltr'>disceptatricem</span> <span class='ocrx_word' id='word_1_142' title='bbox 685 2957 840 3026; x_wconf 84' lang='lat' dir='ltr'>Criticam</span> <span class='ocrx_word' id='word_1_143' title='bbox 873 2958 1066 3042; x_wconf 85' lang='lat' dir='ltr'>adhiberet,</span> <span class='ocrx_word' id='word_1_144' title='bbox 1098 2957 1209 3044; x_wconf 80' lang='lat' dir='ltr'>singula</span> 
     </span>
     <span class='ocr_line' id='line_1_24' title="bbox 295 3069 1210 3156; baseline -0.004 -18"><span class='ocrx_word' id='word_1_145' title='bbox 295 3086 371 3155; x_wconf 87' lang='lat' dir='ltr'>apte</span> <span class='ocrx_word' id='word_1_146' title='bbox 398 3085 559 3153; x_wconf 85' lang='lat' dir='ltr'>necteret,</span> <span class='ocrx_word' id='word_1_147' title='bbox 590 3085 622 3139; x_wconf 91' lang='lat' dir='ltr'>et</span> <span class='ocrx_word' id='word_1_148' title='bbox 650 3073 669 3138; x_wconf 75' lang='lat' dir='ltr'>i</span> <span class='ocrx_word' id='word_1_149' title='bbox 694 3069 857 3156; x_wconf 88' lang='lat' dir='ltr'>principio</span> <span class='ocrx_word' id='word_1_150' title='bbox 884 3075 925 3140; x_wconf 90' lang='lat' dir='ltr'>ad</span> <span class='ocrx_word' id='word_1_151' title='bbox 951 3075 1114 3141; x_wconf 88' lang='lat' dir='ltr'>saeculum</span> <span class='ocrx_word' id='word_1_152' title='bbox 1137 3069 1210 3136; x_wconf 84' lang='lat' dir='ltr'>decl·</span> 
     </span>
     <span class='ocr_line' id='line_1_25' title="bbox 295 3147 1212 3274; baseline -0.007 -16"><span class='ocrx_word' id='word_1_153' title='bbox 295 3199 383 3258; x_wconf 87' lang='lat' dir='ltr'>tuum</span> <span class='ocrx_word' id='word_1_154' title='bbox 404 3191 555 3272; x_wconf 88' lang='lat' dir='ltr'>quintum</span> <span class='ocrx_word' id='word_1_155' title='bbox 574 3191 760 3274; x_wconf 60' lang='lat' dir='ltr'>deducerem</span> <span class='ocrx_word' id='word_1_156' title='bbox 785 3147 829 3256; x_wconf 68' lang='lat' dir='ltr'>isi</span> <span class='ocrx_word' id='word_1_157' title='bbox 854 3190 1009 3274; x_wconf 83' lang='lat' dir='ltr'>quidem,</span> <span class='ocrx_word' id='word_1_158' title='bbox 1029 3203 1064 3256; x_wconf 95' lang='lat' dir='ltr'>ut</span> <span class='ocrx_word' id='word_1_159' title='bbox 1087 3208 1147 3257; x_wconf 87' lang='lat' dir='ltr'>nce</span> <span class='ocrx_word' id='word_1_160' title='bbox 1172 3207 1212 3252; x_wconf 85' lang='lat' dir='ltr'>ra·</span> 
     </span>
     <span class='ocr_line' id='line_1_26' title="bbox 295 3303 1211 3392; baseline -0.004 -20"><span class='ocrx_word' id='word_1_161' title='bbox 295 3303 398 3374; x_wconf 87' lang='lat' dir='ltr'>tionis</span> <span class='ocrx_word' id='word_1_162' title='bbox 418 3305 604 3392; x_wconf 83' lang='lat' dir='ltr'>diligentia,</span> <span class='ocrx_word' id='word_1_163' title='bbox 628 3322 686 3374; x_wconf 86' lang='lat' dir='ltr'>nec</span> <span class='ocrx_word' id='word_1_164' title='bbox 713 3317 816 3374; x_wconf 83' lang='lat' dir='ltr'>rerum</span> <span class='ocrx_word' id='word_1_165' title='bbox 844 3307 997 3391; x_wconf 88' lang='lat' dir='ltr'>delectu,</span> <span class='ocrx_word' id='word_1_166' title='bbox 1019 3327 1076 3376; x_wconf 87' lang='lat' dir='ltr'>nec</span> <span class='ocrx_word' id='word_1_167' title='bbox 1104 3304 1211 3374; x_wconf 86' lang='lat' dir='ltr'>oratio·</span> 
     </span>
     <span class='ocr_line' id='line_1_27' title="bbox 293 3411 1212 3508; baseline -0.01 -18"><span class='ocrx_word' id='word_1_168' title='bbox 293 3423 348 3492; x_wconf 89' lang='lat' dir='ltr'>nis</span> <span class='ocrx_word' id='word_1_169' title='bbox 372 3411 547 3508; x_wconf 74' lang='lat' dir='ltr'>elegantia,</span> <span class='ocrx_word' id='word_1_170' title='bbox 579 3423 755 3505; x_wconf 80' lang='lat' dir='ltr'>quidquam</span> <span class='ocrx_word' id='word_1_171' title='bbox 783 3424 823 3489; x_wconf 89' lang='lat' dir='ltr'>ad</span> <span class='ocrx_word' id='word_1_172' title='bbox 854 3423 1021 3492; x_wconf 85' lang='lat' dir='ltr'>Historiae</span> <span class='ocrx_word' id='word_1_173' title='bbox 1045 3419 1212 3490; x_wconf 86' lang='lat' dir='ltr'>institutio·</span> 
     </span>
     <span class='ocr_line' id='line_1_28' title="bbox 297 3539 1212 3625; baseline -0.005 -17"><span class='ocrx_word' id='word_1_174' title='bbox 297 3549 370 3608; x_wconf 87' lang='lat' dir='ltr'>nem</span> <span class='ocrx_word' id='word_1_175' title='bbox 389 3541 556 3610; x_wconf 84' lang='lat' dir='ltr'>desiderari</span> <span class='ocrx_word' id='word_1_176' title='bbox 576 3557 700 3625; x_wconf 85' lang='lat' dir='ltr'>posset.</span> <span class='ocrx_word' id='word_1_177' title='bbox 744 3539 790 3608; x_wconf 88' lang='lat' dir='ltr'>Et</span> <span class='ocrx_word' id='word_1_178' title='bbox 808 3539 958 3625; x_wconf 86' lang='lat' dir='ltr'>profecto</span> <span class='ocrx_word' id='word_1_179' title='bbox 978 3539 1027 3607; x_wconf 91' lang='lat' dir='ltr'>nil</span> <span class='ocrx_word' id='word_1_180' title='bbox 1049 3539 1115 3607; x_wconf 87' lang='lat' dir='ltr'>nisi</span> <span class='ocrx_word' id='word_1_181' title='bbox 1142 3547 1212 3617; x_wconf 66' lang='lat' dir='ltr'>egre·</span> 
     </span>
     <span class='ocr_line' id='line_1_29' title="bbox 299 3645 1212 3742; baseline -0.002 -26"><span class='ocrx_word' id='word_1_182' title='bbox 299 3654 388 3737; x_wconf 78' lang='lat' dir='ltr'>glum</span> <span class='ocrx_word' id='word_1_183' title='bbox 413 3655 542 3740; x_wconf 89' lang='lat' dir='ltr'>prodire</span> <span class='ocrx_word' id='word_1_184' title='bbox 565 3649 689 3740; x_wconf 83' lang='lat' dir='ltr'>poterat</span> <span class='ocrx_word' id='word_1_185' title='bbox 708 3656 747 3721; x_wconf 91' lang='lat' dir='ltr'>ab</span> <span class='ocrx_word' id='word_1_186' title='bbox 772 3657 842 3742; x_wconf 82' lang='lat' dir='ltr'>ejus</span> <span class='ocrx_word' id='word_1_187' title='bbox 864 3656 926 3722; x_wconf 78' lang='lat' dir='ltr'>titi</span> <span class='ocrx_word' id='word_1_188' title='bbox 948 3655 1062 3722; x_wconf 86' lang='lat' dir='ltr'>studio</span> <span class='ocrx_word' id='word_1_189' title='bbox 1090 3667 1124 3720; x_wconf 86' lang='lat' dir='ltr'>et</span> <span class='ocrx_word' id='word_1_190' title='bbox 1147 3645 1212 3714; x_wconf 83' lang='lat' dir='ltr'>scri·</span> 
     </span>
     <span class='ocr_line' id='line_1_30' title="bbox 297 3768 1213 3856; baseline -0.001 -25"><span class='ocrx_word' id='word_1_191' title='bbox 297 3768 443 3852; x_wconf 62' lang='lat' dir='ltr'>ptiust,</span> <span class='ocrx_word' id='word_1_192' title='bbox 458 3772 515 3854; x_wconf 91' lang='lat' dir='ltr'>qui</span> <span class='ocrx_word' id='word_1_193' title='bbox 540 3775 647 3840; x_wconf 88' lang='lat' dir='ltr'>omnis</span> <span class='ocrx_word' id='word_1_194' title='bbox 674 3770 841 3839; x_wconf 78' lang='lat' dir='ltr'>Historiae</span> <span class='ocrx_word' id='word_1_195' title='bbox 865 3789 978 3856; x_wconf 85' lang='lat' dir='ltr'>genera</span> <span class='ocrx_word' id='word_1_196' title='bbox 1003 3777 1213 3838; x_wconf 75' lang='lat' dir='ltr'>monumenta·</span> 
     </span>
    </p>
   </div>
   <div class='ocr_carea' id='block_1_5' title="bbox 290 3873 1222 4074">
    <p class='ocr_par' dir='ltr' id='par_1_5' title="bbox 290 3873 1222 4074">
     <span class='ocr_line' id='line_1_31' title="bbox 290 3873 1222 4059; baseline -0.008 -106"><span class='ocrx_word' id='word_1_197' title='bbox 290 3893 361 3971; x_wconf 72' lang='lat' dir='ltr'>-que</span> <span class='ocrx_word' id='word_1_198' title='bbox 373 3903 600 3978; x_wconf 83' lang='lat' dir='ltr'>pertractata,</span> <span class='ocrx_word' id='word_1_199' title='bbox 625 3891 737 3959; x_wconf 87' lang='lat' dir='ltr'>stilum</span> <span class='ocrx_word' id='word_1_200' title='bbox 760 3891 801 3958; x_wconf 91' lang='lat' dir='ltr'>ad</span> <span class='ocrx_word' id='word_1_201' title='bbox 818 3889 974 3976; x_wconf 76' lang='lat' dir='ltr'>egregiam</span> <span class='ocrx_word' id='word_1_202' title='bbox 992 3873 1222 4059; x_wconf 46' lang='lat' dir='ltr'>ontionisz</span> 
     </span>
     <span class='ocr_line' id='line_1_32' title="bbox 1152 4012 1177 4074; baseline 0 0"><span class='ocrx_word' id='word_1_203' title='bbox 1152 4012 1177 4074; x_wconf 64' lang='lat' dir='ltr'><em>B</em></span> 
     </span>
    </p>
   </div>
   <div class='ocr_carea' id='block_1_6' title="bbox 0 0 1254 4724">
    <p class='ocr_par' dir='ltr' id='par_1_6' title="bbox 0 0 1254 4724">
     <span class='ocr_line' id='line_1_33' title="bbox 0 0 1254 4724; baseline 0 0"><span class='ocrx_word' id='word_1_204' title='bbox 0 0 1254 4724; x_wconf 95' lang='lat' dir='ltr'> </span> 
     </span>
    </p>
   </div>
  </div>
 </body>
</html>
