2418 4718
260 315 323 402 με
430 257 686 386 atterutro
716 335 764 386 ax
795 315 1015 388 normoum

506 615 952 670 sancukivu.

306 845 803 918 THEOPHYLACTUS
826 847 1170 934 SIMOCATTA,
1206 858 1208 896 ³

262 963 467 1032 Naturalium
490 961 727 1050 Quaestionum
751 965 911 1052 epilogo,
933 967 968 1034 io
988 967 1169 1035 Auctoribus
1206 971 1208 1011 ³

265 1083 349 1148 unde
371 1097 430 1145 sua
457 1081 629 1162 sumserit,
651 1081 758 1148 iaudat
781 1080 1016 1164 Plutarchum,
1047 1087 1100 1155 cir
1124 1093 1168 1160 rit
1203 1089 1208 1126 ³¹

250 1199 428 1279 'dormiant
459 1202 588 1268 πλοῦτον
617 1197 669 1266 clv
693 1197 903 1283 limitamus.
948 1195 1031 1264 Sane
1059 1199 1167 1281 aliquot
1200 1189 1208 1251 i

256 1327 382 1378 summe
411 1325 489 1378 sunt
526 1310 741 1398 Quaestiones
772 1328 811 1378 ex
851 1311 1018 1380 Plutarchi
1055 1315 1169 1402 ὀψοφα-
1198 1323 1208 1358 f*

255 1429 363 1497 Sl‘acl's.
1207 1445 1208 1480 3

302 1541 338 1609 S.
354 1539 615 1609 MAXIMUS
630 1537 664 1606 in
683 1540 778 1606 Locis
790 1539 1034 1624 Communibut‚
1047 1559 1099 1624 seu
1113 1542 1171 1608 Ca·

248 1655 374 1748 pitlbus
396 1657 424 1723 T
421 1655 590 1744 heolugr'cis
607 1667 639 1720 et
656 1653 782 1722 teucris
805 1654 883 1721 locis
899 1651 1091 1726 eadmerus
1107 1678 1170 1722 cum

254 1775 518 1844 Christianorum
541 1781 610 1836 tum
636 1767 837 1838 Esteromm
855 1768 971 1850 libris,
994 1771 1092 1856 longe
1108 1773 1169 1855 plu·
1207 1795 1208 1832 i

253 1889 364 1955 'rimam
399 1885 546 1954 locorum
586 1899 709 1969 partem
745 1885 893 1970 collegit*
909 1902 937 1950 e·
959 1885 1167 1970 Scriptoribus
1207 1910 1208 1951 r

252 2003 360 2071 Sacris
376 2017 408 2067 et
429 1996 691 2074 Ecclesiasticisr
716 1998 809 2068 locos
829 2001 1023 2068 Exterorum
1047 2021 1112 2069 non
1125 2021 1168 2069 eo·
1207 2059 1208 2065 ,

248 2138 319 2186 rum
344 2115 482 2183 lectione
512 2113 722 2196 exipsorum
747 2113 840 2180 libris
865 2117 1061 2201 collegisse,
1083 2119 1166 2184 sede
1207 2139 1208 2181 τ

246 2232 387 2298 Stobaeo
418 2227 631 2312 locupletiore
662 2245 757 2310 quum
782 2247 870 2296 nunc
890 2245 940 2297 est
965 2245 999 2297 et
1024 2233 1165 2319 integrio-

196 2405 205 2412 .
247 2365 282 2412 re
307 2344 489 2428 sublegisse
510 2341 649 2410 videtur.
693 2343 746 2410 Ex
778 2343 954 2412 Plutarcho
987 2350 1163 2431 complures

247 2473 326 2530 sunt
349 2459 415 2523 loci
437 2457 494 2524 sed
517 2473 694 2539 paucorum
722 2445 893 2526 verborum
918 2475 951 2526 et
978 2461 1040 2528 fere
1056 2461 1163 2528 breves

246 2573 431 2644 sententiae.
1207 2603 1208 2614 κ

289 2683 583 2758 ANTONIUS
615 2687 863 2759 MELISSA
894 2703 934 2757 ut
958 2691 1165 2762 incertaeho·

246 2823 302 2874 mo
336 2801 470 2886 aetatis,
495 2803 550 2870 hic
568 2823 593 2870 a
618 2805 715 2875 nobis
737 2806 894 2890 ponitur;
917 2826 993 2874 cum
1008 2809 1060 2898 ¹ob
1083 2827 1168 2892 argu·

245 2921 345 2990 menti
368 2919 631 3002 similitudinem,
655 2917 778 3006 quippe
802 2923 941 3008 ejusdem
974 2922 1116 2990 materiae
1133 2938 1163 2987 et

245 3035 381 3106 rationis
406 3053 493 3114 opus
527 3038 715 3118 composuit
747 3057 784 3104 ac
813 3039 849 3107 S.
878 3039 1073 3121 Maximus3
1101 3047 1164 3103 tum

244 3153 335 3236 quod
361 3148 496 3220 sacculi
534 3149 663 3234 ingenio
698 3152 887 3223 adducimur
919 3169 955 3221 ut
974 3137 1067 3222 ¹eum
1097 3153 1163 3241 Joh.

244 3270 445 3335 Damasceno
462 3263 602 3349 priorem
619 3284 790 3349 ponamus.
833 3269 886 3337 Ex
902 3269 1081 3340 Plutarcho
1098 3271 1161 3336 item

136 3439 141 3448 .
244 3383 341 3448 habet
366 3384 549 3465 complures
564 3373 666 3449 'locos
691 3385 797 3450 eadem
822 3385 994 3476 tenuitate,
1037 3387 1161 3456 Fontem

243 3497 436 3564 Exterorum
463 3496 595 3562 eundem
624 3497 737 3565 habuit
755 3499 951 3585 stobaeum,
974 3499 1064 3569 sorte
1079 3501 1160 3568 etiam

239 3609 278 3678 S.
301 3609 493 3679 Maximum.

285 3721 394 3806 Capta
419 3745 438 3791 a
467 3723 630 3793 Saracenis
654 3726 843 3795 Alexandria
872 3749 957 3796 anno
974 3732 1065 3816 641,
1095 3732 1165 3800 inte·

237 3837 295 3910 tiit
328 3837 385 3904 illa
418 3837 688 3910 celebratissimae
716 3840 818 3910 famae
842 3843 1061 3919 bibliothecae
1101 3864 1161 3932 quo

1113 3979 1167 4048 Pi·
1207 4005 1208 4036 1
