2508 4712
252 287 321 374 na
432 277 567 354 unna
592 281 638 354 n.
667 277 1020 356 ιιιιιιιιιιιιιιι.Γ

256 486 319 544 utu
331 467 404 560 lp'se
419 475 538 574 culpa,
559 466 761 540 inimicitiam
778 471 932 539 adnuens
946 488 983 540 ae
995 459 1065 542 cun
1082 485 1168 545 vete·

256 607 321 660 retu
342 589 505 658 &avenni
518 588 741 670 resuscitavit,
764 602 832 656 tum
849 607 966 658 noum
985 591 1103 661 Klotaii
1116 613 1170 662 ex.

257 705 385 774 citavit,
428 705 478 772 De
501 703 558 770 hac
581 700 665 769 inira
687 703 790 770 verbu
808 705 964 773 dicemus.
1056 722 1059 728 ·

279 821 355 889 'Ex
375 821 464 902 illis,
493 835 576 900 quos
601 817 693 898 dixi,
724 816 830 884 tribus
853 817 982 886 Latinis
1005 817 1176 904 scriptori·

260 939 327 1007 bus
353 937 490 1023 primunt
516 935 605 1001 edere
627 934 805 1003 destinabat
835 935 999 1005 Rutilium
1025 940 1173 1024 Lupunt

260 1059 396 1144 qusque
409 1054 524 1121 caussl
537 1053 644 1119 denuo
660 1053 783 1136 legebat
800 1051 953 1121 Oratores
971 1071 1005 1121 et
1021 1055 1174 1124 Rhetotet

259 1166 417 1238 Gnaeos.
456 1165 638 1234 Rhetorutn
656 1167 820 1250 omniunt,
836 1172 1174 1254 eertepierorunaque,

258 1305 320 1358 nec
338 1287 420 1382 duan·
432 1282 565 1352 seorsim
587 1285 769 1366 editorum,
791 1285 897 1355 adbuc
922 1305 987 1353 una
1008 1303 1059 1354 est
1080 1289 1173 1355 editio

259 1404 397 1482 Aldina,
419 1416 520 1482 eaque
532 1418 674 1483 penora,
690 1417 727 1467 ut
746 1405 857 1484 paucis
873 1401 1080 1486 innubilus,
1095 1421 1175 1486 pau·

261 1516 403 1586 cissimis
418 1514 575 1598 priuatis,
597 1527 700 1580 exstet
717 1513 949 1598 bibliothecis,
972 1531 1006 1580 et
1022 1513 1171 1580 lletnsten·

261 1629 379 1700 busina
404 1627 474 1715 ejus
499 1629 702 1711 exemplum,
730 1628 848 1710 quovis
872 1627 978 1712 pretio
1004 1645 1099 1694 eunuc
1118 1644 1169 1693 tu·

262 1728 357 1832 niens
373 1765 410 1813 ae
429 1746 531 1813 dedita
555 1763 651 1828 opera
676 1761 852 1826 quuocns,
874 1761 931 1828 pet
948 1745 1112 1828 sexaginta
1126 1761 1175 1812 tn·

263 1879 328 1928 noa
348 1860 440 1926 nullo
457 1859 489 1925 in
504 1857 721 1942 bibliopolis,
743 1857 837 1925 nullo
851 1860 1048 1944 cujusquam
1068 1859 1102 1928 in
1125 1878 1177 1926 au·

263 1973 385 2042 ctionis
401 1975 548 2058 catalogo
565 1974 816 2056 deprehenderit.
859 1972 1079 2042 Ruhnkenius
1092 1975 1175 2059 duo,

265 2089 387 2174 quibus
404 2090 480 2156 haec
501 2089 600 2156 editio
616 2090 802 2168 continetur
817 2088 1008 2172 uolumine,
1029 2109 1094 2156 rara
1107 2088 1178 2156 feli·

261 2205 384 2288 eitste,
404 2205 532 2272 diverso
550 2219 725 2286 utrumque
742 2214 775 2270 et
793 2205 867 2272 loco
883 2218 915 2270 et
931 2217 1092 2288 tempore,
1114 2205 1176 2272 sibl

263 2335 521 2405 comparaverat
552 2335 584 2387 et
611 2319 753 2403 librum,
788 2335 825 2387 ut
853 2339 984 2406 suurn„
1004 2341 1043 2392 eo
1064 2326 1177 2411 majore

261 2457 337 2506 curn
362 2437 432 2504 otio
455 2455 492 2502 ae
520 2438 685 2521 diligentia
703 2441 879 2506 tractabat.
928 2438 1061 2524 Legens
1088 2442 1179 2528 Apsi-

262 2572 360 2633 nem,
382 2552 439 2634 qui
465 2569 549 2618 unus
568 2567 618 2618 est
641 2571 680 2618 ex
705 2553 771 2620 illis
796 2529 1020 2638 Rbetoribus,
1044 2557 1178 2626 animal·

263 2669 380 2752 vertit,
402 2667 513 2734 subito
537 2681 571 2734 se
589 2667 623 2734 in
641 2667 733 2736 aliam
756 2669 934 2740 orationem
956 2673 1121 2759 incidere,
1141 2676 1180 2744 si·

264 2789 369 2856 tuileto
388 2805 454 2854 eam
470 2785 615 2870 Longini
631 2785 735 2852 multo
753 2785 818 2854 sibi
834 2804 896 2854 usu
915 2790 1104 2874 cognitam:
1128 2794 1180 2859 hu·

262 2907 398 2992 luunt
413 2903 635 2988 progreditur,
651 2901 694 2969 itu
711 2902 860 2988 deinceps
877 2921 963 2972 nova
979 2909 1119 2994 vestigia
1133 2913 1180 2978 dt·

264 3019 454 3118 prehendit,
476 3022 584 3084 locum
611 3018 703 3085 etiam
724 3020 786 3086 sub
804 3020 949 3107 Longini
976 3029 1106 3094 nomine
1122 3047 1185 3094 me·

265 3148 423 3203 moraturo
447 3135 488 3200 ab
512 3135 632 3212 inedito
644 3133 906 3204 eonnenutore
920 3139 1072 3208 Aristidis
1082 3143 1183 3228 Jnan·

264 3271 306 3320 ne
323 3251 496 3320 Siteliotae
515 3255 640 3320 nullutn
656 3271 755 3335 porto
772 3254 906 3322 dubium
924 3257 1183 3342 relinquebatur,

192 3369 197 3380 '
267 3369 348 3450 quin
365 3367 441 3432 baec
458 3380 544 3434 esset
562 3384 636 3450 pars
655 3366 695 3434 dc
707 3366 913 3454 Inventione,
925 3375 944 3439 e
955 3375 1089 3456 perdito
1098 3375 1185 3444 Lou-

266 3483 333 3565 gini
355 3501 450 3564 opere
472 3481 512 3550 de
529 3481 615 3547 Arte
631 3480 821 3552 Maurico.
865 3483 913 3550 Ut
939 3486 1048 3572 vidit,
1079 3489 1124 3558 ita
1151 3489 1187 3556 ad

159 3617 162 3624 ⁴
264 3597 543 3678 Hemsterhuslurn
569 3620 662 3669 suum
688 3601 831 3685 volavit,
853 3619 1000 3672 nontam
1020 3608 1186 3694 ejusjudi·
1239 3665 1240 3680 ,

265 3716 352 3782 ciurn
369 3720 618 3803 exploraturus,
643 3737 740 3804 quam
757 3738 823 3813 retu
839 3721 1039 3804 exploratam
1058 3725 1187 3796 nuncn-

268 3845 374 3902 turus.
418 3832 483 3904 Hie
502 3837 600 3923 iren,
624 3855 661 3906 ut
678 3839 778 3914 audit
795 3857 826 3908 et
843 3840 951 3910 lacum
964 3841 1185 3931 inspexit,ira
1239 3915 1240 3934 χ

1142 3976 1190 4029 ιιι
