2470 4724
215 297 292 386 „a
382 287 521 360 vrrs
557 289 606 361 n.
642 285 978 364 unumunurn
1123 291 1150 330 ··

216 479 355 552 alituum
373 477 393 546 i
410 472 523 544 Musis
537 475 698 548 dotorem.
742 475 867 546 Onnes
888 479 930 546 ad
946 477 1068 548 Mons
1086 483 1161 550 adio

216 615 275 668 tus
291 595 471 678 micatque
487 606 597 679 patant
613 607 645 658 et
661 595 764 676 aperti
778 611 876 677 contr
894 595 1075 680 siquidem
1094 617 1161 682 po-

217 717 313 784 blito
333 725 365 780 st
392 707 558 778 communi
584 707 660 776 usui
683 707 788 774 dicata
816 723 895 776 sunt
911 707 1068 792 Musca,
1099 714 1160 780 obi

217 849 296 898 sam
321 825 397 896 libri
417 822 524 891 omnis
553 821 679 906 gemmis
706 837 962 907 expromuntur,
987 841 1063 892 tum
1083 845 1159 910 apes

218 945 334 1018 ιιιιιᾶι
354 954 561 1025 exponuntur
582 937 696 1005 attium
724 938 902 1011 liberalium
926 959 1032 1024 opera
1058 962 1160 1012 mano
1231 979 1232 1018 ι

95 1064 98 1075 ‘
216 1063 325 1144 faeta,
348 1061 520 1138 Pictutae,
542 1055 743 1138 Strtuatiae,
769 1055 982 1141 sculpturae,
1015 1059 1160 1130 ntumis·
1231 1049 1232 1052 '

89 1233 99 1254 ,
218 1176 374 1264 metuar,
397 1173 555 1241 aliatumt
577 1171 723 1240 materies
745 1186 777 1238 et
793 1173 923 1256 opificia
936 1175 1019 1242 item
1036 1175 1161 1259 Physi-

217 1310 297 1372 eae,
312 1285 546 1370 Anatomicae,
564 1287 768 1370 Medicinae,
786 1288 1022 1373 Mechauicae,
1039 1297 1160 1359 Astro-

215 1407 367 1488 romine,
389 1405 554 1473 Historiae
576 1403 767 1485 Naturalis,
792 1421 825 1472 et
853 1405 980 1473 nullius
1011 1425 1073 1474 nou
1101 1406 1156 1472 di·

217 1521 390 1608 aciplioae.
434 1517 567 1604 Quibus
587 1518 622 1586 in
640 1519 721 1584 locis
737 1517 805 1592 iesu
822 1520 1025 1588 conueniunt
1041 1534 1073 1586 et
1088 1539 1149 1602 qe·

216 1634 495 1720 rltietimpetiti,
518 1633 603 1702 fiunt
628 1633 743 1701 circuli
767 1635 1012 1724 spectantium,
1032 1640 1070 1706 de
1088 1639 1146 1704 ha-
1232 1651 1233 1676 l

216 1775 291 1830 natm
319 1755 438 1822 artium
471 1751 624 1837 operibus
646 1763 680 1817 et
707 1751 830 1820 tatione
863 1752 1153 1838 colloquentium,

218 1873 440 1954 narrantium,
466 1869 702 1956 judicantium
736 1885 773 1936 ut
798 1869 941 1952 imperiti
969 1889 1008 1938 tc
1032 1873 1155 1954 rudes,

217 1993 382 2081 adstantes
407 2005 439 2056 et
455 1987 643 2068 audientes,
664 1985 788 2068 aliquid
802 1986 960 2070 paulatim
978 1987 1098 2058 amoris
1115 1999 1154 2056 et

216 2107 421 2195 cognitionis
435 2105 615 2188 colligant,
637 2103 723 2170 unde
744 2103 784 2168 ad
807 2101 944 2168 interius
964 2103 1052 2168 etiam
1071 2116 1150 2168 stu·
1233 2135 1234 2160 ι

218 2227 309 2294 dium
333 2221 535 2302 alliciantur,
560 2232 615 2284 aut
634 2231 719 2285 certe
743 2219 908 2299 doctrinae
928 2221 1035 2304 specie
1053 2219 1155 2290 eolo-r

214 2353 338 2410 rentur.
382 2338 446 2404 Sed
472 2355 539 2404 noo
565 2335 674 2401 mimos
692 2335 727 2403 in
748 2347 879 2418 promtu
896 2349 927 2400 et
947 2333 1064 2404 obviae
1080 2334 1177 2402 vet·'

202 2465 334 2524 rantur
353 2454 563 2536 voluptatum
580 2450 871 2535 illecebratumque
884 2453 990 2520 ranae
1007 2451 1156 2536 formae,

217 2571 341 2656 quibus
362 2567 485 2651 ubique
508 2569 753 2636 occurrentibus
779 2586 813 2637 et
843 2569 959 2636 blande
975 2572 1158 2642 accidenti·

216 2689 303 2771 ltus,
326 2687 384 2771 qui
410 2703 477 2754 nott
503 2665 714 2753 convertatur
730 2684 925 2768 aliquando,
949 2686 979 2755 ia
1006 2703 1066 2754 aut
1090 2686 1159 2754 ler-

216 2819 291 2876 tetta
318 2804 387 2884 ait,
409 2817 465 2878 aut
484 2799 693 2886 perfuerunt
722 2800 833 2870 Stoica
859 2802 972 2868 schola
1001 2803 1150 2886 sapiens.

215 2924 377 3006 Equidem
403 2919 654 2989 alamilirribua
682 2939 739 3005 pet
756 2921 867 3005 jocum
891 2921 1048 2988 Hercules
1068 2921 1155 2990 Mu·

217 3053 343 3124 sagetes
356 3037 517 3118 vocabat;
536 3037 593 3118 qui
611 3031 809 3123 ooluporeo
827 3055 895 3104 non
912 3037 1072 3123 fugisset,
1088 3043 1158 3112 sud

218 3157 355 3224 vicisset
383 3171 420 3221 ac
446 3151 557 3221 Musis
587 3173 695 3238 patere
717 3155 888 3240 coegisset.
942 3155 1019 3238 Tu,
1044 3160 1156 3245 eujus

213 3273 276 3342 Dei
301 3272 426 3337 Deueve
452 3270 586 3336 tutelam
610 3281 642 3334 et
667 3267 889 3336 auctoritatem
918 3269 1013 3354 sequi
1036 3272 1154 3358 ruia,

213 3387 285 3470 lpse
307 3380 489 3470 jndlaablsa
512 3399 621 3464 cette,
638 3380 804 3450 Lutetiam
823 3383 885 3451 tibl
901 3386 1042 3454 eundum
1071 3407 1156 3456 cm·

215 3519 293 3582 seo,
317 3517 391 3565 cum
407 3497 573 3580 Plutarchi
588 3497 638 3564 tul
653 3499 903 3585 Litetaruotque
916 3521 1054 3588 caussa,
1074 3519 1154 3577 turn

175 3601 177 3611 '
214 3617 257 3684 ad
276 3614 374 3682 mimi
397 3613 662 3700 cognitionisque
688 3615 849 3690 noctuam
876 3618 1021 3688 fructum
1039 3621 1155 3706 perci-

210 3731 379 3818 piendum.
424 3729 510 3797 Haec
530 3729 595 3801 ille.

211 3893 216 3904 -
254 3843 486 3918 amtorem
512 3855 658 3935 tempore
688 3843 838 3924 Lutetiae
867 3849 934 3922 duo
959 3847 1155 3922 docdsumi

1073 3965 1154 4046 But
