2470 4724
205 249 339 364 v'1ru
369 287 416 366 o.
454 283 790 358 unnnuunrr.
898 306 963 384 53,

47 479 139 550 nodo
155 475 239 546 intra
257 478 393 544 duorum
411 475 551 559 spatium
560 489 718 544 annontui
734 476 864 544 domurn
879 479 964 548 redi-

46 613 100 666 ret.
143 577 261 678 Neque
276 613 351 661 uero
369 593 565 660 Ruhnkeoio
589 593 689 682 qttod¹
703 603 890 675 sequeretur
909 595 973 660 dev

45 729 118 780 oar.
159 711 244 778 Nom
274 711 349 776 licet
373 707 564 774 Graecarum
596 705 764 772 institutio
786 706 976 774 Liternum*

47 828 262 912 Wittebergre
281 841 335 891 aut
348 827 459 906 nulla,
475 839 531 889 aut
549 823 642 888 nulio
658 823 692 889 in
709 841 845 890 numero
862 841 968 905 essct,

45 941 133 1008 clero
157 959 246 1010 certe
268 939 456 1008 Professore
486 937 637 1021 careret}
669 957 774 1004 cerum
803 953 909 1008 temen
935 959 971 1009 ee

46 1057 342 1128 scientiruolcbant
359 1056 523 1122 duumviri
543 1055 615 1136 illi,
638 1067 674 1120 ut
698 1053 796 1123 abiis
814 1055 976 1124 Ruhnke-

45 1174 123 1240 nius
148 1175 267 1243 discere
291 1189 429 1256 possete
453 1187 486 1238 et
513 1173 544 1238 si
561 1169 648 1236 sorte
668 1169 833 1238 Gesnerus
848 1173 974 1239 maiore

40 1301 127 1358 esset
151 1291 315 1370 scientio„
333 1289 397 1354 hoc
414 1305 492 1355 non
512 1301 636 1353 tuntum
661 1300 752 1366 erut,
776 1299 813 1353 ut
832 1299 975 1356 coeteras

45 1408 324 1494 Wittebergenses
346 1407 608 1492 opportunitates
625 1407 792 1489 obrueret,
815 1407 871 1476 ubi
889 1409 976 1477 duos

42 1527 180 1598 hebebit
203 1527 353 1594 doctores
370 1542 400 1590 et
422 1537 562 1592 amantes
587 1519 696 1589 sui'ct
714 1525 754 1590 td
777 1523 973 1590 familiarite-t

45 1653 107 1709 tero
125 1639 344 1706 conciliatos:
363 1640 450 1718 quod
466 1657 507 1707 sn
520 1637 597 1703 item
612 1637 808 1720 Goettiugte
825 1629 976 1704 inventu*

41 1778 101 1825 rus
121 1758 424 1843 esset‚·io.mrjore
436 1773 467 1824 ct
483 1759 703 1826 studiosorum
723 1761 972 1830 adoleseeotinm
1065 1797 1071 1824 t

40 1899 183 1950 numero
198 1897 231 1949 et
246 1879 472 1951 professorum
493 1884 729 1967 occupatione,
752 1901 818 1951 oon
838 1883 907 1952 sine
924 1877 978 1953 rel

46 1999 143 2066 tione
169 1979 358 2069 dubitabat(

81 2115 181 2180 Duos
198 2127 302 2182 annos
319 2113 537 2200 Wittebergre
554 2101 676 2185 audivit
693 2119 853 2188 Ritterum
868 2120 971 2207 Juris·

43 2229 249 2312 prudentiam
270 2234 309 2294 'et
335 2229 521 2313 Historias,
553 2233 720 2318 Bergerurn
743 2221 976 2319 Antiquitates'

48 2346 213 2413 Romanas
228 2356 262 2410 et
281 2343 495 2428 Eloquentiae
511 2364 675 2432 praecepta
694 2353 887 2420 tradentem:
913 2323 978 2420 iiosv

46 2463 157 2544 quein
179 2462 496 2548 doctrinispnagnos
510 2463 587 2533 fecit
603 2485 813 2550 progressus:
830 2457 978 2553 quorum'

45 2581 206 2665 specimen
228 2579 488 2665 biennioposter
509 2581 654 2664 prodidit
676 2583 786 2650 libello
802 2587 841 2652 ad
862 2585 969 2665 publi-

44 2717 109 2764 cam
134 2696 409 2780 disceptationem
435 2699 626 2780 proposito,
653 2699 706 2764 De
732 2699 835 2766 Galla
858 2693 972 2767 Piaci·

44 2813 100 2879 dic
142 2813 316 2900 Augusta.
355 2811 436 2876 ·Sed
476 2827 575 2890 quum
617 2809 789 2894 utriusque
827 2813 974 2910 doctoris

47 2927 279 2999 institutiones
305 2929 349 2992 ita
372 2941 631 3007 consectaretur,
663 2929 840 2994 utnuilrm
867 2922 977 2999 earurn¹

42 3061 155 3127 portem
184 3019 419 3129 praeterfluere
448 3041 585 3121 sineret,
609 3055 679 3106 tum
707 3041 913 3127 Bergerianae
937 3047 978 3112 ad

41 3161 176 3228 duorum
194 3161 230 3227 in
257 3156 369 3240 prioris
385 3155 552 3223 scientium
569 3157 716 3222 iocorum
737 3157 927 3237 valuerunt,
942 3159 976 3228 in

40 3273 162 3355 quibus
184 3287 311 3360 postes
328 3284 359 3337 ct
376 3273 448 3355 ipse
467 3269 630 3356 regnavit,
656 3285 689 3337 et
706 3273 783 3338 mihi
799 3272 837 3339 ad
854 3272 982 3342 discen.-

43 3393 120 3460 dum
147 3389 309 3478 profuit:
334 3388 428 3468 dito,
451 3385 584 3454 Latione
606 3389 762 3456 orationis
784 3391 980 3478 puritatem

43 3531 73 3583 ct
91 3515 264 3584 bonorum
283 3509 439 3608 lineorum
458 3529 496 3578 ex
512 3507 689 3576 recentiore
711 3528 792 3577 ucvo
818 3511 983 3596 cognitio-

44 3651 126 3700 neor.
174 3628 267 3698 Noti
287 3643 374 3696 -sunt
398 3627 575 3712 Bergeriroi
598 3626 672 3692 libri
698 3627 737 3694 de
764 3627 880 3696 Latino
902 3627 983 3700 Ero-2

46 3746 201 3826 pruentia,
227 3761 307 3810 cum
335 3740 505 3808 Orationes
529 3757 596 3806 tum
616 3743 796 3828 Praecepta.
843 3746 984 3832 insignis

50 3851 133 3924 inest
156 3855 318 3946 probitas
343 3857 563 3940 castitasque,
594 3875 668 3928 cum
696 3859 892 3942 uerborum,
907 3863 983 3958 'tum

507 3957 618 4060 Ι1313
775 3953 779 3963 ’
827 3947 831 3961 ’
869 3963 877 3974 “
936 3973 995 4042 di·-
