2506 4712
2 309 10 374 i

122 459 151 520 a
213 329 814 484 nn-‘anurssnra'n.
937 359 1011 458 ror

4 556 101 678 *doc
114 601 156 672 in
178 597 301 670 unitor
324 576 519 658 istosimeos
542 565 777 645 transforaret·
795 568 1005 648 aerummis,

21 721 164 798 eosque
191 711 248 777 ua
284 687 561 767 tommendttlone
592 688 641 750 rei
676 679 820 746 vindices
851 675 891 740 ub
918 675 1007 740 obii·

25 829 163 904 sione,
186 817 299 884 oeteo
316 807 391 872 loro
418 807 547 882 ponta,
569 805 637 874 quo
650 787 750 857 literis
767 783 1007 868 nostrisp'roda

28 945 121 1000 esse
143 932 275 1011 queant.
348 923 351 934 '

78 1035 137 1104 ‘Et
152 1030 252 1098 iacies
271 1005 452 1085 nimirnmi
475 1023 547 1073 nrm
571 1001 609 1069 et'
626 1002 718 1070 voirs
737 997 1014 1065 literarumetu'sa

30 1155 77 1212 aa
99 1138 224 1224 quibus
251 1127 352 1195 totum
380 1118 480 1186 situm
508 1105 716 1193 impendisti,
738 1117 770 1171 et
796 1107 1013 1190 poterispro·

33 1253 124 1331 pter
142 1253 297 1313 sommam
315 1241 410 1315 quam
430 1219 510 1288 Tibi
529 1217 595 1322 tois
615 1213 810 1297 conparasti
829 1215 1012 1283 virtutibus

34 1349 288 1428 auctoritatem.
496 1341 498 1356 '
528 1333 533 1349 '
726 1331 729 1338 ’

41 1488 47 1516 ι
93 1456 248 1526 Ceterum
264 1457 340 1515 turn
354 1445 419 1529 jam
434 1439 469 1504 in
487 1449 526 1501 eo
551 1446 651 1499 esses
678 1443 716 1495 ut
738 1428 832 1498 finem
856 1431 1017 1499 buitim*

36 1568 206 1655 ponerem
233 1554 411 1641 epistolae,
444 1563 519 1612 ecce
544 1540 677 1608 mirifica
702 1543 875 1625 voluptate
897 1557 936 1608 eo
963 1541 1022 1605 ab.

40 1686 168 1756 septus
185 1683 259 1735 sum
282 1678 318 1730 ut
344 1657 423 1725 Tibi
451 1654 491 1719 de
516 1649 699 1740 studiorum
727 1665 870 1714 meorum
896 1649 1022 1715 ratione

45 1777 200 1868 breviter
217 1779 421 1854 exponerem
453 1753 550 1844 Epo,
574 1754 635 1821 Vir
650 1759 796 1834 sumne,
818 1772 915 1822 omne
932 1757 1027 1838 quod

48 1867 139 1956 mihi
158 1875 317 1946 ascholio
335 1873 472 1940 liberum
491 1881 541 1934 est
566 1881 696 1948 tempus
714 1863 747 1929 in
762 1860 937 1928 Plutarcho
953 1863 1026 1929 coi·

38 1976 137 2060 'uoco
156 1985 197 2052 ad
225 1989 342 2050 horum
368 1973 540 2043 editionem
562 1969 770 2054 expoliendo.
815 1963 922 2051 Cuius
945 1985 1026 2035 con·

45 2097 130 2168 bilis
147 2110 221 2160 cunr
243 2099 317 2156 ante
333 2085 459 2166 aliquot
476 2097 578 2147 annos
595 2080 737 2145 libellum
763 2073 803 2138 de
825 2071 896 2139 Ser.
919 2071 1026 2140 Nom·

50 2183 219 2295 vindicer
231 2197 307 2263 loto
322 2189 511 2275 speciminis
534 2189 729 2268 emitterem,
752 2182 961 2248 animadverti
976 2199 1027 2248 me

1 2367 2 2379 ,
56 2305 204 2391 copioso
231 2297 468 2367 commentandi
487 2311 599 2381 potere
621 2292 655 2358 in
681 2286 891 2373 quorundam
921 2302 1027 2369 repre*

62 2411 260 2485 hensionem
279 2404 469 2473 Ιηευπίιεε.
514 2399 674 2484 Equidem
698 2398 761 2462 boe
783 2390 928 2477 profiteri
952 2411 1032 2477 pos·

57 2539 143 2594 sum
168 2533 219 2586 me
235 2516 269 2582 in
295 2513 427 2596 reliquis
454 2509 620 2582 Plutarchi
645 2503 798 2592 operibus
825 2501 931 2567 multo
959 2499 1032 2567 bre·

60 2633 194 2700 viorem
217 2619 519 2703 sdsttittioremqoe
544 2618 713 2690 iututnmr
736 2629 804 2678 non
827 2610 954 2693 quidem
982 2627 1033 2676 re·

63 2733 308 2824 prehensurum
328 2725 463 2790 istorum
489 2721 672 2791 auctoritati
698 2715 952 2797 obsequentem,
974 2715 1033 2782 sed

69 2839 138 2910 rnei
156 2832 319 2902 commodi
337 2831 525 2899 rationibus·
543 2827 724 2895 inductum.
765 2819 850 2886 Nam
868 2820 902 2886 in
921 2819 1036 2906 singu·

70 2948 135 3020 iari
159 2941 270 3010 libello
295 2943 353 3004 nec
382 2953 446 3005 tam
474 2940 611 3006 molesto
639 2950 688 3000 est
713 2927 826 3011 copia,
855 2943 913 2998 nec
929 2925 1038 3004 ¹facile

74 3063 154 3125 'cum
183 3045 281 3118 semel
309 3058 461 3126 congesta
487 3057 560 3122 est,
589 3052 768 3107 coarctatur
794 3048 890 3117 atque
916 3033 1040 3118 praeci·

80 3152 185 3232 ditur.
229 3152 294 3222 Sed
318 3150 469 3218 editionis
494 3145 744 3223 consilionunc
769 3143 912 3230 quidem,
928 3144 1038 3210 solum

75 3241 260 3450 tribulium
280 3260 432 3329 volumen
452 3256 643 3338 complexus
659 3269 751 3332 sum;
776 3247 870 3314 Vitae
897 3247 930 3315 in
952 3249 1041 3315 abiud

74 3459 79 3486 1
97 3385 210 3459 empus
232 3369 436 3455 rejiciuntur.
480 3363 525 3430 Et
542 3362 707 3446 superiore
728 3375 814 3426 anno
829 3357 957 3424 Parisiis
973 3359 1043 3440 ple·

83 3499 206 3566 rosque
230 3476 334 3560 regiae
358 3471 573 3539 bibliothecae
598 3469 740 3552 scriptos
766 3467 869 3533 libros
895 3465 964 3549 ipse
988 3485 1048 3534 eut-¹

82 3592 201 3672 cossi,
228 3583 404 3666 exquibus
430 3580 539 3646 miram
560 3577 752 3662 optimarum
778 3577 954 3643 lectionum
977 3575 1045 3643 vim

84 3695 216 3780 collegi.
260 3693 298 3760 In
315 3709 351 3756 es
373 3688 451 3753 urbe
470 3687 581 3752 multis
609 3685 688 3751 mihi
710 3687 855 3768 partibus
873 3685 965 3751 utilis
982 3681 1049 3751 fuit

87 3799 268 3900 Vilioisoni
291 3799 496 3875 humanitus,
520 3791 576 3876 qui
593 3795 642 3856 oei
669 3808 754 3858 unus
778 3791 828 3858 vei
854 3790 947 3856 solus
969 3788 1050 3856 Gal.

87 3917 193 3982 lorum
223 3926 328 3976 veram
358 3906 522 3973 literarum
554 3911 736 3966 nostrarum
764 3895 916 3968 rationem
946 3898 1048 3964 viam.

88 4037 154 4107 que
175 4014 343 4120 requirunt
367 4031 385 4080 a
414 4027 477 4096 qua
500 4007 681 4086 nouitium
701 4025 836 4080 suornm
858 4007 986 4078 levitate
1003 4010 1056 4074 de.

998 4116 1060 4184 du·
