2438 4718
141 305 144 314 Δ
196 305 245 398 ΙΝ
267 305 537 397 'PLUTARCHI
574 307 799 400 ubuum.
892 331 964 423 {pp

55 525 131 600 κως
152 513 278 582 elutum
295 485 414 594 e'quum
439 523 607 596 agentem,
637 497 820 598 fervidum,
843 507 964 607 tam

53 629 122 701 i'raa
136 634 300 721 inpetum
315 629 471 710 aiterum,
486 628 659 714 patientem
672 679 685 712 ‚
700 633 848 718 pigrum,
862 605 963 711 radas

55 751 362 841 uiet3cupiditatenr.
377 746 448 836 Jarn
467 750 543 833 quis
554 765 707 834 umquam
724 752 885 824 humanus
897 764 964 839 saio

53 865 180 952 corpori
199 877 234 934 ex
253 863 308 932 ba‘c
324 881 445 933 terrena
464 860 551 933 faede
568 865 711 935 conflato
728 868 900 955 inclusus,
918 873 962 944 itt

56 985 108 1049 sui
121 981 189 1069 ipse
200 981 356 1068 imperium
375 981 541 1066 obtinuit,
559 999 595 1049 ut
616 1003 692 1052 suas
706 983 770 1052 sibi
787 983 961 1058 facultates

55 1119 174 1186 semper
189 1103 270 1169 dicto
295 1101 478 1170 obedientes
503 1101 653 1184 haberet,
675 1121 792 1186 eosque
814 1105 850 1173 in
873 1122 960 1176 rcctt

52 1231 198 1304 perpetuo
220 1219 270 1287 via
289 1219 479 1286 contineret.
522 1217 568 1286 Et
590 1217 682 1287 Plato
703 1219 789 1286 iliam
806 1233 958 1291 constans

53 1333 122 1401 tiam
135 1337 210 1404 solis
221 1335 361 1408 Deorum
378 1329 527 1403 curribus
544 1333 671 1404 tribuit.
715 1330 813 1405 Meus
828 1341 957 1428 quidem

53 1471 155 1520 currus
178 1453 222 1521 ita
241 1467 446 1539 comparatus
466 1468 536 1535 est,
560 1465 597 1519 ut
613 1453 723 1538 auriga
738 1467 772 1520 et
795 1451 907 1539 vigilet
925 1467 958 1524 et

52 1582 129 1654 regat
152 1571 256 1652 quoad
279 1574 350 1658 ejus
375 1568 444 1636 fieri
470 1583 603 1653 potest,
640 1569 736 1651 eique
761 1569 959 1654 obtemperet

52 1681 183 1751 fervidus
203 1705 327 1772 equus;
350 1701 384 1754 at
404 1689 499 1772 piger
514 1703 617 1768 equus
632 1689 793 1769 perpetuo
807 1685 958 1771 conjugis
1000 1699 1002 1710 ·

52 1803 119 1883 equi
132 1805 313 1871 alacritatem
330 1805 487 1885 retardet,
501 1817 534 1870 et
543 1803 583 1870 ab
598 1805 709 1889 auriga
721 1804 962 1888 necquicquam·

52 1937 124 1988 roce
136 1920 335 2003 stimulisque
346 1919 518 1987 excitetur.
560 1921 671 2002 Atque
685 1917 875 2004 hujusmodi
890 1917 959 2003 pia·

51 2051 85 2104 ne
104 2037 345 2121 plerorumque,
370 2035 565 2117 quibuscum
593 2033 685 2118 degi,
715 2032 885 2102 hominum
901 2015 985 2102 nes
1069 2065 1074 2091 ι

51 2153 159 2236 gotium
185 2155 344 2240 cognovi.
388 2145 489 2220 Unus
506 2149 648 2219 fortasse
672 2164 704 2217 et
726 2149 805 2219 alter
827 2169 866 2220 ex
883 2169 955 2220 raro

50 2269 198 2337 videbatur
211 2269 297 2337 mihi
311 2285 381 2340 esse
397 2285 508 2354 genere
520 2286 653 2351 eorum,
676 2267 734 2352 qui
748 2269 801 2337 sui
817 2267 882 2355 ipsi
897 2269 958 2336 im-

51 2385 158 2468 perium
173 2388 368 2456 obtinerent.
413 2385 568 2455 Videbam
584 2403 640 2478 eos
656 2385 801 2470 quotidie
813 2405 890 2454 suas
906 2407 956 2456 res

51 2517 148 2588 agere,
168 2521 231 2572 non
247 2503 351 2570 modo
367 2499 515 2586 negotia,
537 2501 640 2569 sedet
657 2502 723 2570 oria
742 2515 774 2568 et
790 2487 955 2570 literarum

51 2621 164 2705 studia,
176 2623 268 2691 certis
293 2622 381 2688 horis
398 2617 568 2686 distributa
584 2619 806 2703 destinatique
819 2621 951 2686 habere:

49 2753 140 2820 neque
154 2757 171 2806 a
186 2735 385 2824 praescripta
401 2733 456 2800 ilia
478 2731 708 2816 designataque
731 2733 783 2798 via
800 2732 956 2800 recedere.

51 2849 158 2920 Felices
181 2875 233 2924 eos
258 2851 504 2942 praedicabam:
528 2845 712 2930 quaerebam
730 2865 769 2914 ex
783 2847 849 2929 iis,
871 2863 958 2928 quo·

52 2967 137 3036 modo
159 2969 234 3040 banc
257 2968 447 3038 felicitatem
474 2961 643 3030 consecuti
660 2973 788 3041 essent3
818 2959 847 3026 si
871 2958 957 3026 forte

51 3102 109 3151 erm
128 3089 194 3172 ipse
215 3103 352 3174 quoque
375 3079 533 3164 consequi
558 3087 702 3163 possem.
758 3067 957 3160 Veluniate,

50 3203 179 3290 debant,
200 3219 231 3273 ct
255 3181 495 3273 consuetudine.
535 3195 645 3278 itane,
663 3196 815 3278 inquam,
838 3197 958 3264 volun·

48 3333 107 3387 tare
125 3339 155 3394 et
174 3319 434 3394 consuetudine?
464 3315 568 3399 Atqui
595 3313 745 3381 voluntas
766 3311 845 3380 mibi
863 3329 957 3380 num·

49 3455 133 3522 quam
146 3441 271 3525 defuit,
294 3433 560 3506 cousuetudinem
578 3429 737 3514 consequi
753 3447 821 3498 non
837 3427 955 3514 potuit

46 3549 132 3641 hacc,
148 3577 294 3643 quaeso,
317 3549 485 3640 quomodo
501 3545 730 3633 comparaturi
753 3543 953 3630 Veluniate,

35 3645 175 3746 'uebmte
188 3695 291 3762 atque
303 3675 388 3742 idem
403 3671 517 3740 iterum
532 3669 713 3748 iterumque
727 3659 957 3752 interroganti,

44 3786 119 3858 idem
137 3791 392 3880 respondebant:
424 3787 626 3856 vehementer
646 3797 780 3866 quoque
798 3779 959 3848 niutau·

44 3921 113 3998 tur,
132 3931 207 3998 me,
230 3929 326 3999 quem
345 3910 381 3978 in
404 3903 526 3978 Litoris
541 3897 663 3988 auqniu
677 3895 960 4076 proiecissegice·

889 4021 966 4094 mr,
994 4079 999 4094 ,
