2552 4712
180 343 250 448 aas
360 337 620 474 numerato
641 369 689 420 ax
708 341 932 424 suminus

183 543 318 637 quentia
339 553 418 608 sunt
437 538 587 608 Aldins'm
614 535 699 604 inter
719 551 752 604 et
777 537 987 608 basileensem
1013 531 1114 611 alden

177 670 300 741 tentiae
313 662 468 746 exempla.
514 661 615 725 immo
634 675 705 724 caru
720 672 819 728 sunta
845 677 877 727 at
891 671 967 728 subt
984 676 1110 732 tamena·

178 785 227 858 Et
243 785 278 853 in
294 783 346 848 his
368 775 519 847 omnibus
534 767 695 838 rarissime
712 775 876 840 consentit
899 795 973 840 cum
993 777 1110 844 lectio·
1134 847 1142 860 ,

176 907 280 980 nibus
295 901 338 968 lin
354 912 434 980 quas
450 891 568 958 multas
592 909 631 956 ex
649 890 760 958 multis
782 893 951 959 codicibus
976 909 1009 960 et
1035 897 1107 962 col-

176 1019 357 1095 lationibus
375 1011 489 1079 habeo.
533 1007 687 1090 Cumque
703 1017 884 1074 consensus
900 1011 1049 1076 codicum
1069 1015 1105 1081 in

164 1137 266 1207 locis
289 1125 470 1210 corruptis,
501 1123 707 1207 praecipuum
735 1122 780 1189 sit
804 1121 957 1191 indicium
983 1145 1047 1209 eos⁸
1064 1147 1106 1197 ex

177 1243 348 1327 communi
364 1244 456 1313 lonte
472 1243 625 1311 fluxisset
647 1258 770 1322 neque,
794 1241 1020 1324 quodetiam,
1046 1243 1106 1312 lla.

86 1359 96 1368 ’
177 1365 325 1441 sileeoeis
347 1363 381 1430 ln
408 1361 449 1426 lis
471 1361 685 1442 corruptelis,
709 1359 742 1424 in
767 1353 884 1440 quibus
908 1356 947 1423 ab
975 1355 1104 1428 Aldiuls

176 1467 376 1568 corruptelis
400 1476 571 1559 dissentit,
594 1474 774 1542 'consentiat
798 1475 880 1538 cum³
894 1471 972 1536 meis
989 1473 1104 1540 lectio·
1134 1513 1139 1518 -

177 1603 300 1682 nibus3
331 1595 395 1660 boc
421 1591 566 1676 equidem
592 1603 780 1674 argumento
803 1587 925 1654 ductus
950 1591 1098 1672 credam,

173 1713 394 1790 correctiones
418 1709 679 1789 mutationesque
713 1699 903 1773 Basllcensis
937 1702 1105 1776 Editionis

174 1832 292 1919 potius
310 1829 350 1896 ab
372 1825 502 1911 ingenio
526 1823 719 1890 correctoris
742 1819 928 1904 profectas,
962 1839 1059 1902 quam
1082 1837 1104 1886 e

175 1945 341 2016 veteribus
361 1941 453 2010 libris
478 1941 596 2026 petitas
614 1954 697 2007 esse.
742 1933 824 2004 Nam
854 1937 911 2004 ubl
940 1937 1102 2006 basileon*

173 2065 224 2134 sis
245 2065 278 2131 in
302 2061 387 2128 veris
411 2057 670 2128 correctionibus
699 2055 862 2131 consentit
898 2067 972 2124 cunr
1006 2057 1100 2124 sodi*

172 2195 252 2248 cunt
277 2187 421 2242 meorum
450 2171 668 2251 lectionibus,
691 2171 726 2236 hi
749 2187 827 2238 aunt
851 2171 1008 2250 eiusmodi
1035 2173 1102 2240 locl

173 2308 315 2376 quorum
333 2302 365 2354 et
386 2287 573 2370 corruptela
597 2301 629 2351 et
653 2265 831 2352 emendatio
848 2299 911 2351 tam
933 2285 977 2352 sit
1000 2287 1103 2352 manis

75 2393 77 2398 ’
169 2407 277 2490 festa,
299 2421 338 2473 ut
360 2405 515 2496 nemiuem
540 2400 740 2468 mediocriter
762 2403 893 2468 doctum
913 2401 1030 2482 lateat,
1052 2417 1103 2467 at·

97 2555 98 2558 ¹
172 2545 240 2614 que
255 2531 334 2596 adeo
358 2527 419 2594 iste
445 2540 626 2592 cousensus
643 2540 708 2592 non
725 2533 744 2590 a
760 2525 924 2591 communi
946 2524 1099 2592 codicum

174 2643 374 2728 scriptorum
391 2641 603 2721 auctoritate,
627 2641 684 2707 sed
700 2639 740 2709 ab
758 2641 827 2726 ipsa
851 2641 1032 2721 corrigendi
1053 2639 1104 2709 fa·
1128 2713 1134 2720 ,

169 2760 294 2827 cilimte
310 2777 347 2825 ac
368 2755 609 2842 probabilitatis
625 2757 658 2823 vi
676 2757 867 2841 repetendus
882 2758 940 2824 sit·

211 2872 389 2940 Librorum
413 2871 597 2938 Moralium
624 2874 705 2939 ordo
732 2872 813 2938 idem
838 2885 887 2938 est
909 2873 967 2954 qul
990 2872 1024 2940 ln
1041 2871 1098 2938 Al·

166 2985 264 3056 dina:
288 2985 353 3052 uisi
378 2985 467 3068 quod
486 2984 614 3052 Galbae
638 2986 784 3068 proxime
799 2985 974 3072 subiicitur
991 2987 1096 3053 ochos

164 3101 259 3186 quod
283 3102 360 3168 item
386 3099 423 3168 lit
452 3100 485 3168 in
509 3099 679 3169 codicibus
712 3105 742 3170 A
772 3117 803 3170 et
831 3103 875 3171 Ε.
928 3102 1011 3168 Nam
1038 3102 1101 3172 hae

165 3219 248 3286 duae
268 3219 368 3287 Vltor
382 3211 423 3284 ab
441 3217 586 3301 antiquis
601 3217 738 3285 librariis
755 3218 820 3286 fere
835 3217 1019 3285 Moralium
1038 3237 1100 3286 voa

165 3333 280 3402 lumini
298 3333 504 3404 addebantur.
521 3339 624 3420 illaad
633 3338 791 3420 denique,
807 3355 863 3403 seu
880 3337 978 3402 lodex
996 3335 1100 3402 Grae·¹

126 3508 128 3520 ,
162 3469 227 3518 eus
250 3449 406 3518 librorum
427 3449 611 3518 Moralium
637 3449 717 3516 idem
745 3450 874 3532 estqui
903 3449 936 3514 in
966 3449 1099 3515 Aldinae

207 3567 378 3636 Caeterum
401 3567 573 3652 proximo,
596 3579 669 3632 ante
692 3565 808 3631 laetam
834 3567 914 3631 lianc
942 3563 1096 3632 Graecam

129 3697 133 3710 ·
160 3681 355 3760 editionem,
386 3701 495 3762 anno,
521 3679 577 3763 qui
604 3677 671 3746 fuit
699 3697 799 3763 1541,
829 3681 983 3746 Moralla
1016 3685 1100 3748 edita

162 3811 241 3864 eunt
265 3794 415 3878 pleraque
439 3793 555 3873 Latine
581 3795 646 3862 l'ere
671 3795 881 3880 quadraginta
906 3799 997 3879 duo,
1022 3796 1099 3864 ltem

160 3909 326 3994 basileae,
355 3912 443 3996 apud
478 3930 960 3985 uren.1sruoururunr
994 3909 1102 3982 forme·

1026 4047 1096 4098 nuto
