2572 4710
297 343 360 434 aaa
421 331 677 404 asarmot
700 327 872 406 eustos.
896 325 1124 426 trunam

299 519 455 603 stoteles‚
484 517 682 602 Cicerones,
713 517 846 602 Servii,
882 517 993 588 Grotii
1023 523 1235 610 deniqueret

298 625 529 742 Montesquiir
550 631 709 726 quorum,
732 642 886 725 quamdiu
917 661 984 711 non
1009 646 1139 730 abipsa
1163 649 1236 714 hu.

300 762 455 828 monitate
469 758 620 844 deiecerit
637 760 811 827 humanum
837 779 961 844 genus,
984 764 1104 832 tamdiu
1120 765 1237 833 nomi·

299 897 343 948 na
367 877 541 961 laudesque
562 876 734 946 florebunt.
810 947 816 959 ,

304 993 311 1030 ¹
344 997 523 1064 Videamus
543 1013 642 1079 porto
663 996 702 1060 de
725 993 943 1076 Eloquentia:
965 993 1061 1080 cujus
1087 997 1149 1064 hoc
1173 1009 1232 1062 est

301 1115 468 1196 officium,
499 1128 536 1182 ut
567 1113 714 1180 homines
743 1131 818 1180 cum
834 1113 975 1197 docere,
1005 1114 1085 1196 quid
1112 1132 1232 1196 verunt

298 1231 569 1315 falsumquesit,
584 1245 653 1297 tum
673 1230 713 1298 ad
730 1249 778 1296 res
797 1230 892 1298 utiles
907 1231 1124 1316 honestasque
1140 1250 1228 1300 cort·

303 1331 426 1430 venat,
457 1359 490 1421 et
512 1346 702 1428 aturpibus
726 1346 900 1429 noxiisque
923 1359 1055 1413 avertat.
1110 1345 1199 1438 Haec
1213 1393 1232 1428 ,

247 1477 249 1482 ’
302 1460 333 1558 si
360 1459 425 1528 vim
451 1472 484 1526 et
508 1458 734 1561 vehementiam
757 1460 836 1526 uelit
860 1461 1024 1528 ostendere
1041 1460 1074 1527 in
1091 1461 1156 1548 leui
1171 1459 1238 1526 mi·

302 1590 452 1658 nutuque
472 1566 682 1660 argumento,
707 1595 774 1644 noo
801 1577 1015 1659 Eloquentia,
1041 1579 1097 1668 sed
1113 1577 1233 1668 pueri·

233 1693 235 1703 ’
298 1693 345 1762 lle
364 1709 396 1761 et
415 1695 584 1780 nugatoria
610 1693 791 1778 loquacitas
809 1694 866 1761 sit.
909 1695 979 1764 Aut
1005 1694 1058 1790 si,
1079 1698 1232 1781 neglecta

304 1811 439 1880 virtutis
458 1811 703 1892 honestatisque
720 1811 1020 1894 commendatione,
1042 1809 1145 1880 solam
1168 1829 1232 1878 vo·

298 1932 459 2012 luptatem
486 1926 800 2008 oblectationemque
826 1943 974 2008 spectet.
1001 1947 1068 1996 non
1095 1929 1139 1997 sit
1161 1947 1236 2013 ger·

302 2061 396 2128 mana
421 2039 652 2124 Philosophiae
677 2039 769 2123 lilia,
798 2041 856 2108 sed
883 2039 994 2124 spuria
1023 2045 1094 2128 ejus
1122 2043 1234 2110 imita·

302 2163 396 2244 tritt„
423 2176 455 2226 et
480 2155 651 2224 libidinum
677 2153 818 2226 satelles.
870 2156 909 2225 In
935 2173 1004 2226 tota
1032 2159 1236 2241 Eloquentia

301 2277 478 2365 plurimum
499 2274 583 2342 valet
609 2272 746 2354 simplest
759 2249 891 2338 ‘ueritas
915 2285 947 2338 et
968 2284 1100 2358 naturae
1121 2276 1234 2360 tatio,

304 2394 472 2472 minimum
485 2407 538 2456 ars
557 2402 589 2456 et
604 2386 783 2456 simulatio.
829 2387 909 2456 Non
928 2403 1038 2477 potest
1054 2407 1093 2456 ex
1112 2388 1236 2478 humili

303 2507 504 2595 cogitatione
531 2502 672 2570 sublime
694 2503 818 2570 dictum
843 2505 998 2571 existere:
1025 2523 1093 2573 non
1118 2520 1240 2596 potest

305 2641 443 2713 angusta
455 2625 642 2710 abjectaque
657 2640 746 2690 mens
766 2640 871 2690 veram
889 2637 920 2688 et
938 2621 1138 2706 magnificam
1153 2641 1235 2697 sera·

305 2743 436 2820 tentiam
454 2757 571 2823 parere.
615 2735 813 2820 Expectare
828 2737 986 2820 profluat,
1009 2755 1139 2806 necesse
1153 2755 1232 2824 est,

304 2855 520 2939 Eloquentiae
549 2853 688 2919 llumenr
718 2867 834 2938 pectus
865 2869 940 2921 ante
962 2856 1076 2952 'omnia
1099 2870 1237 2924 naturae

303 2973 494 3062 cognitione
525 2969 736 3053 replendum:
765 2985 904 3054 pectus,
935 2991 993 3054 per
1018 2973 1099 3038 hanc
1121 2973 1232 3058 ipsam

283 3083 555 3174 ‘coguitionem
592 3083 727 3150 virtutis
767 3086 1010 3170 honestatisque
1039 3107 1145 3154 amore
1175 3089 1233 3160 itt·

293 3205 559 3282 ,demorandum
599 3213 630 3284 et
663 3217 754 3266 verae
788 3203 1016 3284 pulcritudinis
1041 3222 1138 3272 sensu
1169 3206 1234 3274 iur-

303 3321 467 3388 luendum
481 3327 544 3384 est.
566 3313 656 3402 Quid
672 3315 774 3402 igitur
790 3335 922 3392 cartesae
936 3317 1040 3386 fuisse
1059 3319 1231 3409 dicamus,

303 3433 395 3517 quod
416 3431 456 3498 ab
485 3431 573 3498 omni
601 3448 680 3498 aevo
698 3445 763 3498 tres
784 3435 848 3518 spli
865 3435 1039 3518 perfectam
1061 3439 1233 3524 Eloquen.

296 3548 366 3639 ,tiae
389 3549 515 3616 laudem
538 3547 708 3614 consecuti
727 3547 813 3633 sint,
836 3570 874 3617 ex
891 3551 1025 3620 Graecis
1042 3555 1178 3623 Pericles
1197 3575 1232 3626 et

303 3663 566 3745 Demosthenes,
589 3681 628 3730 ex
643 3662 801 3738 Romanis
824 3665 967 3734 Ciceroi
1011 3669 1173 3739 Nimirum
1192 3675 1229 3742 hi

301 3793 337 3847 et
364 3779 428 3847 soli
460 3793 492 3845 et
523 3777 584 3846 toti
609 3779 792 3862 prodierant
817 3799 857 3848 ex
879 3765 1053 3870 ‹lisciplina
1075 3785 1232 3856 Philoso-

483 3906 487 3920 ’
725 3894 732 3904 ’
1106 3899 1231 3991 phiec,
