2506 4712
218 284 816 386 traaas-uuurrruun.
923 309 1007 385 m,

52 479 152 568 dere,
173 496 307 568 posset,
330 489 395 566 qua
412 467 667 570 obscurissimos
689 483 720 546 et
736 468 858 547 nemini
875 479 986 566 suffiri·

57 598 343 682 tostariquitatis
362 613 510 664 recessus
520 591 720 683 patefaceret
734 609 831 675 atque
846 591 987 678 illustre.

14 783 20 792 ,
56 733 124 804 ret,
167 713 240 782 Nec
267 713 373 804 minus
398 725 463 778 erat
490 723 636 804 versatus
653 708 688 776 in
705 699 989 808 recentioreiire.

55 849 166 911 aarum
193 829 367 924 Historia3
402 841 452 910 ut·
474 824 619 893 homines
652 823 790 902 Graece,
808 822 990 906 Latineque

56 941 204 1031 doctos,
219 944 387 1026 criticos,
404 929 907 1030 Antiquarios‚0rammaticos„
925 944 991 1038 edi·

61 1076 154 1131 tores
179 1076 211 1128 et
234 1062 421 1144 interpretes
446 1059 660 1142 antiquorum
686 1043 912 1146 Scriptorum,
934 1079 988 1129 eo·

59 1193 204 1260 rumque
227 1173 385 1270 editiones
412 1187 443 1240 et
467 1172 737 1256 commentarios,
766 1174 799 1240 in
822 1192 990 1250 numerato

60 1291 298 1380 haberetanec
317 1282 404 1355 ullus
421 1287 484 1364 fuit
501 1287 610 1354 bonus
637 1286 718 1352 liber
734 1301 798 1352 tam
818 1305 934 1370 rarus,
951 1303 990 1358 ut

63 1409 138 1494 ejus
167 1395 284 1474 notitia
308 1405 416 1489 ipsum
452 1403 590 1486 fugeret.
642 1401 744 1488 Quod
773 1402 802 1469 si
827 1393 922 1470 etiarn
946 1422 995 1472 re·

63 1537 242 1608 putemus,
273 1536 375 1601 eum,
404 1517 439 1584 in
473 1517 538 1586 hoc
578 1531 769 1602 argumento
800 1519 991 1604 tractando,

65 1655 113 1716 et¹
130 1637 262 1708 rationis
282 1651 313 1704 et
336 1633 489 1712 orationis
507 1628 662 1723 elegantia
680 1624 827 1718 proxime
843 1637 882 1701 ad
898 1625 995 1702 Vete-

68 1773 144 1824 rum
159 1739 381 1838 praestantiam
399 1735 594 1829 secessisse,
619 1749 727 1813 minus
750 1743 845 1815 etiam
866 1743 996 1817 dubita·

68 1875 181 1944 bimus
200 1872 413 1960 principatum
437 1845 466 1938 ei
488 1870 550 1937 hoc
574 1870 608 1938 in
632 1869 888 1954 generedeferre.
934 1871 997 1940 Sed

68 1991 154 2058 isene
182 1989 343 2058 scribendi
367 1985 505 2053 facultas
532 1982 597 2050 fuir
620 1985 655 2050 in
676 1981 872 2051 Ruhnkeniu
887 1984 1000 2070 singna

70 2107 152 2176 laria
174 2104 327 2206 quaedam
354 2101 518 2172 doctrinae
543 2101 635 2172 laur:
657 2101 698 2206 de
721 2117 785 2189 qua
807 2093 874 2190 jam
892 2105 1001 2172 diten-

72 2225 152 2294 dum
173 2241 237 2294 est.

118 2341 294 2410 Doctrinae
318 2323 457 2410 studiosi
480 2339 629 2410 homines
654 2354 733 2412 sunt
758 2339 848 2412 cives
865 2330 1002 2414 duarum

70 2459 265 2526 civitatum:
299 2458 491 2544 popularis,
524 2454 557 2529 in
585 2479 648 2544 qua
672 2462 812 2546 quisque
845 2460 947 2530 vivite
969 2474 1002 2528 et

72 2575 238 2658 literatae,
261 2575 424 2658 dispersae
442 2595 479 2642 uc
501 2577 637 2644 diffusae
655 2597 712 2660 per
730 2596 840 2647 omnes
861 2573 1001 2661 pupula·

75 2691 316 2771 rescivimus,
339 2706 422 2772 quae
436 2702 487 2756 tot
505 2705 606 2770 sunt,
631 2703 714 2771 quot
732 2705 809 2756 sunt
823 2696 940 2775 populi
957 2693 1007 2762 di.-

73 2821 173 2873 verra
200 2803 240 2868 ab
257 2802 330 2869 aliis
361 2801 490 2883 sibique
514 2800 645 2884 propria
671 2801 817 2870 oratione
842 2817 875 2869 et
897 2805 1009 2889 lingua

69 2935 227 3006 utentes.
268 2919 429 2988 Literatae
444 2917 584 2986 civitatis
601 2935 664 2986 unu
680 2932 730 2984 est
744 2919 927 2988 cummunis
947 2921 1009 2988 lin·

80 3061 147 3131 gua
165 3038 294 3108 Latina.
318 3036 411 3106 Hanc
429 3037 571 3124 linguam
595 3034 639 3118 ita
656 3048 762 3106 tenere
788 3051 826 3102 ut
841 3025 940 3126 hujus
963 3037 1011 3104 ci·

81 3155 197 3226 uitatis
220 3155 368 3248 quamvis
396 3153 460 3222 late
485 3152 625 3250 patentis
650 3152 819 3250 viucuium
845 3155 1012 3226 continea-

74 3284 163 3352 tur,
185 3285 223 3336 ut
241 3285 274 3336 te
299 3283 411 3336 omnes
435 3260 523 3334 cives
540 3281 571 3334 et
589 3255 793 3354 intelligant,
814 3281 942 3358 eteuua
958 3271 1015 3340 de.

85 3383 283 3464 lectatious,
312 3380 411 3450 animi
441 3381 579 3466 affectu,
612 3381 777 3452 doctrinae
811 3403 848 3452 ac
880 3385 1017 3458 uirtutis
1091 3435 1100 3450 ,

86 3501 224 3587 fructu,
248 3505 354 3590 legant
375 3516 408 3567 et
433 3501 585 3583 audisat3
609 3519 716 3602 nonae
739 3505 898 3588 praetura
917 3521 1018 3594 quat·

89 3623 164 3690 dam
187 3635 237 3690 eat
262 3609 422 3689 facultas?
466 3621 511 3688 Et
526 3617 607 3690 hanc
628 3617 813 3689 facultatem
831 3636 928 3702 quum
946 3642 1019 3708 per.

92 3736 178 3804 fecte
194 3737 330 3806 tenuerit
341 3733 575 3814 terratenus,
590 3753 699 3803 noune
714 3735 789 3804 hese
799 3735 892 3820 isus.
903 3731 1035 3828 quara-'

93 3849 147 3920 vis
164 3871 369 3938 magnarum,
393 3852 497 3938 ipsius
513 3851 642 3920 laudum
668 3865 781 3943 magna
803 3829 949 3928 secessio
966 3857 1025 3924 ha·

548 3969 635 4043 uas
968 3968 1028 4044 bs·
