2572 4710
236 303 332 386 tata
388 287 644 373 orations
667 283 1023 386 dorsumdurum

243 489 329 560 diere
350 475 559 574 Philosophi.
612 481 659 553 lit
682 487 722 555 de
744 485 887 555 Socratis
915 485 1044 570 quidem
1069 485 1173 556 dictis

153 657 158 672 .
243 605 407 690 factisque
432 605 518 672 unde
540 615 670 672 constat
696 621 792 686 quam
819 621 858 673 ex
892 603 1109 688 Xenophonte
1138 613 1180 670 et

244 719 404 794 amoses
448 721 533 788 Nam
561 719 615 786 ilia
632 717 943 805 elegantissimorum
961 717 1181 804 Dialogorum·

244 819 361 927 seges,
390 837 513 920 qulbus
545 837 746 921 Aeschines,
775 837 1011 920 Antisthenes,
1040 837 1170 921 Cebes,

245 957 460 1039 Aristippus,
483 953 627 1039 aliique,
659 953 804 1023 Socratis
828 955 926 1024 vitam
954 953 1176 1039 disciplinant-

246 1074 565 1159 puciliustrarunt,
597 1073 674 1139 haec
703 1086 792 1154 tota,
823 1087 1076 1156 quantacunque
1101 1087 1175 1155 est,

243 1187 421 1286 intercidit.
473 1187 616 1258 Constat
645 1203 762 1273 quanta
790 1187 948 1256 felicitate
969 1205 1007 1253 ex
1031 1206 1071 1254 co
1094 1201 1178 1254 tem·

244 1321 349 1388 pore,
372 1300 471 1370 variis
497 1301 617 1384 sectis,
647 1297 878 1386 Philosophiae
907 1302 1077 1370 effloruerit
1104 1297 1177 1368 stu-¹

246 1407 359 1501 diunt,
383 1419 599 1499 Academica,
622 1413 1020 1502 Periplectomenus,
1042 1415 1176 1499 Stoica,

202 1555 206 1564 ·
246 1529 418 1614 Epicttrca.
463 1531 572 1612 Atque
593 1544 633 1596 etr
670 1529 840 1597 Academia
873 1539 907 1596 et
937 1530 1176 1615 Lyceo‘quid,

252 1661 395 1728 quaeso,
417 1645 571 1712 habemns
598 1657 722 1730 praeter
745 1645 891 1713 Platonis
911 1663 942 1713 et
958 1664 1059 1730 pauca
1079 1665 1176 1730 quac-

246 1763 320 1828 dam
337 1759 530 1828 Aristotelis
549 1761 697 1843 scripta?
729 1759 796 1826 Ubi
816 1759 1088 1846 Theophrastus,
1104 1763 1179 1829 Ari·
1226 1769 1230 1778 '

251 1893 431 1960 stoxenns,
454 1875 694 1960 Dicaearchus,
717 1875 925 1945 Clearchus?
967 1861 1034 1945 Uiri
1051 1881 1105 1946 ilia
1122 1899 1178 1946 ve·

250 2009 328 2079 tus,
352 1993 476 2075 madia,
498 2005 531 2060 ct
548 2013 632 2063 nova
649 1998 845 2066 Academia?
875 1997 1005 2068 Omnia
1026 2001 1177 2071 Philoso-

248 2114 389 2197 phorum
416 2127 522 2191 usqne
547 2111 586 2176 td
616 2111 784 2180 Ciceronis
811 2093 941 2181 aetatem
967 2115 1086 2202 scripta
1103 2117 1178 2201 qui·

250 2225 322 2294 dant
347 2223 439 2292 velut
464 2239 574 2292 aestua
606 2209 788 2311 intercepit.
832 2230 980 2298 Stoicam
1000 2234 1178 2301 doctrinam
1204 2255 1211 2268 ¹

251 2341 323 2426 eius
351 2337 523 2422 principes
543 2339 658 2420 Zeno,
690 2339 923 2426 Chrysippus,
955 2344 1174 2428 Posidonius,

159 2495 164 2506 ,
251 2455 440 2536 Diodorus,
461 2453 630 2521 Panaetius
649 2456 826 2523 innumeris
842 2463 1062 2541 exposuerunt
1079 2461 1177 2526 volu.

250 2571 416 2655 minibus3
436 2591 523 2639 nunc
548 2575 618 2658 ejus
637 2575 784 2658 cognitio
803 2595 840 2643 ea
860 2575 1000 2657 Seneca,
1022 2575 1181 2660 Epicteto

251 2699 284 2760 tt
307 2674 422 2760 Marco
446 2691 617 2756 Antonino
646 2708 695 2757 est
721 2691 913 2775 haurienda,
945 2691 1003 2777 qui
1025 2715 1085 2764 nee
1110 2695 1176 2782 ipsi

250 2801 368 2888 iamgti
394 2805 433 2870 ad
458 2821 520 2870 nos
546 2819 778 2888 pervenerunt,
799 2825 858 2872 nec
883 2807 1010 2874 Stoicae
1025 2807 1178 2877 Philoso-¹

250 2921 345 3006 plaiae
376 2921 554 2988 ahsolntam
590 2921 840 3002 descriptionem
869 2923 1088 3006 tradiderunt,
1120 2923 1180 2992 sed

186 3063 190 3073 ·
245 3036 400 3122 primaria
415 3039 707 3120 tanturnqnaedam
722 3037 826 3123 capita
843 3036 1056 3121 explicarunt.
1096 3035 1177 3124 Episs

249 3166 370 3218 'curtam
399 3149 530 3248 ipsum,
562 3148 638 3232 qnia
666 3150 792 3232 nescit,
827 3149 982 3218 infinitam
1016 3151 1174 3218 librorum

251 3267 316 3334 nint
331 3265 596 3350 conscripsisse?
626 3263 724 3333 llunc
742 3265 906 3334 imitantes
923 3265 1079 3350 discipuli
1096 3265 1176 3334 adeo

250 3381 359 3452 omnia
378 3383 510 3467 scriptis
534 3383 759 3466 repleverunt,
780 3399 818 3449 ut
840 3383 880 3450 de
902 3383 972 3469 ejus
998 3382 1094 3450 molis
1111 3396 1179 3450 maa

251 3503 418 3590 gnitudine
436 3501 574 3589 graviter
593 3516 777 3584 quereretur
793 3500 923 3573 Cicero.
967 3501 1013 3568 Ilt
1024 3503 1089 3587 iant
1115 3523 1176 3572 suo

251 3637 395 3704 tempore
420 3639 485 3689 eam
508 3635 675 3702 tantopere
698 3619 900 3688 imminutam
919 3619 1024 3689 fuisse
1041 3619 1176 3691 testatur

244 3737 397 3832 Julianus
418 3739 622 3828 inperator,
644 3753 681 3807 ut
697 3735 763 3808 fare
778 3752 847 3809 tota
864 3738 1037 3810 evanuisse
1058 3741 1177 3808 videre·

307 3882 308 3891 Ν
1109 3867 1174 3944 atu.
