2506 4712
246 279 392 354 vt'r‘s
427 283 473 352 u.
515 281 852 364 rutinensis.
912 285 1024 383 “rer

84 487 174 542 nova
192 469 376 554 fingamus,
394 470 446 535 v'el
462 469 501 536 ad
510 467 647 538 Latinae
668 471 797 558 linguae
814 479 1020 566 analogiam,

84 591 142 656 vei
174 587 215 654 ad
235 585 376 654 Graecae
406 585 703 670 consuetudinem,
734 591 868 675 ejusque
896 598 1014 678 partim

84 701 264 770 sententiae
277 715 439 768 auctorem
458 703 615 768 laudarem
636 703 806 772 Muretunr
827 707 861 772 ln
878 707 1015 792 Episto-
1082 727 1086 740 ·

84 819 139 898 la,
160 815 200 898 Ι,
220 818 288 900 ³⁶2
308 829 342 882 et
364 815 488 901 egregia
522 816 578 882 illa
608 815 827 900 disputatione
847 814 1016 894 Variacum

81 931 305 1014 Lectionum,
334 931 412 1016 XV,
442 951 472 1000 1.
522 937 597 1016 lpse
622 933 794 1002 affirmabat
821 937 901 1005 idern
926 941 1017 1022 quod

83 1064 222 1136 postea,
244 1050 284 1116 ad
308 1049 394 1117 hunc
421 1049 544 1116 Mureti
570 1052 700 1134 locum,
722 1051 799 1120 etin
814 1053 1017 1127 Praefatione

83 1165 219 1250 adeius
244 1163 372 1248 Opera,
395 1165 549 1250 scripsit,
572 1166 738 1235 Muretum
765 1168 871 1252 ipsum
897 1189 1013 1244 contra

85 1281 273 1364 factitasse,
306 1281 372 1348 sibi
403 1283 495 1350 illum
523 1283 633 1351 locum
661 1300 823 1369 tamquam
846 1285 1010 1375 refugium

82 1415 234 1484 parasse,
257 1415 326 1478 quo
355 1413 389 1464 se
411 1410 577 1476 tueretur,
599 1397 630 1464 si
656 1397 736 1480 quid
761 1379 823 1464 sibi
840 1398 1013 1484 aliquando
1065 1477 1071 1486 ,

72 1511 242 1600 ¹scribenti
261 1510 368 1582 minus
389 1511 527 1593 probum
546 1511 740 1578 excidisset:
766 1529 804 1580 es
818 1513 940 1596 optima
954 1531 1014 1582 no-

4 1635 5 1642 ’
80 1623 138 1694 bis
166 1637 266 1690 aetate
290 1623 369 1690 satis
396 1639 565 1706 superesse
588 1637 893 1710 monumentorum,
921 1629 1010 1696 unda

3 1755 4 1762 ’
81 1741 209 1818 nullius
223 1759 290 1814 non
307 1740 351 1808 tei
367 1740 646 1825 cogitationisque
672 1739 901 1827 significandae
913 1745 1011 1822 dicti·

77 1876 174 1930 ouem
204 1857 492 1942 auctoritatemque
525 1875 720 1942 repetamus.
779 1857 880 1927 Recte
911 1864 1009 1934 etiam

65 1958 265 2061 iudicabat,
286 1971 422 2041 Latinae
437 1965 584 2058 Linguae
599 1971 685 2040 baud
699 1973 844 2058 exiguam
862 1989 1006 2059 partem,

77 2092 186 2158 adbuc
201 2091 402 2174 ignoratam,
424 2091 441 2158 ὲ
461 2088 640 2157 Glossarils
660 2090 803 2174 antiquis
831 2089 1007 2158 bibliothe-

79 2225 138 2275 cae
164 2205 464 2290 Lugdunobatavae
483 2203 610 2272 restitui
639 2222 749 2288 posse.
793 2203 893 2291 Quod
910 2206 948 2271 ab
967 2225 1007 2275 eo

72 2319 236 2408 judicium
261 2318 424 2401 proditum
450 2319 484 2386 in
510 2317 706 2403 praefatione
739 2320 778 2390 ad
801 2321 1005 2406 Appuleium
1130 2381 1133 2387 .

75 2451 196 2508 censor
231 2433 476 2520 Goettingensis
506 2453 607 2520 quum
640 2455 707 2506 non
741 2437 821 2505 satis
852 2451 1002 2522 caperet,

74 2553 291 2639 mnomntiatn
317 2570 407 2626 suam
436 2551 646 2622 caribatlonc
671 2552 900 2621 dissimulavit.
944 2551 1010 2620 Sed

74 2668 140 2738 hae
159 2671 198 2736 de
222 2685 256 2732 re
280 2681 420 2732 statuere
441 2667 511 2736 iton
535 2681 586 2734 est
610 2669 710 2750 hujus
732 2669 818 2735 locis
849 2681 881 2735 et
908 2685 1008 2740 suum

66 2779 219 2861 cuique,
239 2793 270 2842 et
286 2775 384 2844 nobis
401 2793 572 2858 nostrum,
594 2775 804 2858 relinquimus
829 2781 1002 2863 judicium.

69 2895 164 2970 lllud
192 2910 304 2961 omnes
329 2889 476 2961 confiteri
509 2903 666 2976 oporteta
707 2887 918 2975 Ruhnkenii,
947 2895 1007 2976 qui

76 3025 152 3084 tam·
164 3025 276 3080 severo
300 3027 398 3080 censu
414 3007 576 3082 ciuitatem
601 3022 771 3094 purgasset
786 3023 818 3080 et
833 3011 873 3080 ad
894 3009 1010 3078 verbo·

78 3149 151 3206 rum
171 3129 365 3214 paucitatem
386 3125 582 3212 redegisset,
604 3143 705 3213 seque
728 3126 799 3211 ipse
821 3141 885 3194 tam
908 3127 1009 3200 arctis

73 3244 266 3323 Latinitatis
309 3239 430 3310 finibus
463 3239 803 3324 circumscripsisset,
840 3254 871 3308 et
902 3253 1007 3316 tamen

75 3364 181 3438 multa
197 3357 386 3444 scripserit,
408 3368 440 3424 et
456 3374 535 3440 pure
551 3355 695 3438 beneque
720 3353 880 3422 scribendi
896 3353 1004 3424 officio

77 3477 124 3546 ita
147 3473 360 3556 satisfecerit,
394 3485 430 3542 ut
463 3489 574 3540 omnes
609 3469 802 3542 recentiores
825 3469 884 3540 bac
912 3471 1007 3546 laude

76 3591 292 3678 superarctitr
311 3590 409 3674 buius
432 3587 531 3675 igitur
544 3587 686 3657 bominis
702 3587 867 3660 scientiam
879 3591 1003 3671 ‚soler-

77 3712 180 3792 tiam,
202 3709 410 3790 facultatem,
431 3706 623 3791 singularem
647 3720 681 3772 et
701 3702 767 3778 fere
781 3705 1000 3781 incredibilem

73 3823 188 3902 subu.
242 3821 358 3910 Neque
381 3838 458 3898 vero
490 3837 568 3894 suae
604 3819 762 3896 orationis
796 3819 1004 3914 habitumet

517 3936 645 4029 Atap
913 3949 1001 4009 suut
