2562 4708
266 244 345 350 ‘sos
410 225 587 347 omum
609 267 670 345 un
691 267 740 348 vr
760 272 825 350 tr
845 271 1090 356 nrrtcnctn

318 461 441 552 Magna
466 479 545 532 sunt
562 465 639 534 haec
661 468 701 535 ad
723 467 872 552 pietatem
894 483 927 537 et
942 483 1070 541 omnem
1088 473 1204 544 viram

270 587 335 646 tem
362 577 527 647 subsidia:
558 583 678 665 maiora
705 585 798 651 etiam
824 604 881 667 ea,
904 603 987 669 quae
1008 608 1026 656 a
1050 599 1194 659 coutem-

272 697 417 780 platione
434 713 538 766 rerum
567 711 763 768 externarum
784 717 814 769 et
838 696 1091 774 conversionum
1111 699 1195 793 ‘pro-

273 807 478 883 ficiscuntur.
517 815 662 884 Socratis
677 817 779 885 fertur
794 815 940 891 dictumt
962 822 992 890 si
1007 829 1120 894 omnes
1136 829 1199 896 ho·

273 931 375 998 mines
402 931 436 998 in
454 951 627 1000 commune
643 952 718 1004 suas
735 921 902 1006 conferant
920 933 1139 1030 calamitates,
1160 953 1199 1016 ut

269 1043 357 1112 nova
384 1041 614 1146 distributione
636 1061 778 1118 summae
799 1049 897 1142 hujus
920 1057 1083 1141 aequalem
1108 1064 1199 1147 quis·

270 1181 336 1246 que
351 1159 495 1246 accipiat
513 1180 662 1248 partem,
680 1163 750 1234 fore
767 1186 807 1237 ut
830 1189 920 1240 suam
948 1169 1088 1260 quisque
1109 1195 1198 1249 vete·

266 1291 332 1341 rem
351 1291 471 1360 partem
498 1267 612 1346 lubens
630 1273 762 1350 retineat
782 1283 882 1369 eaque
898 1301 1070 1360 contentus
1086 1295 1193 1366 abeat.

268 1387 333 1459 Sed
359 1385 420 1490 hic*
435 1393 584 1463 nimirum
614 1417 772 1484 acervus,
807 1396 884 1471 haec
907 1420 1052 1489 summa,
1074 1404 1194 1479 huma-

267 1525 328 1578 nae
344 1503 488 1578 miseriae
507 1528 562 1580 aut
579 1510 671 1582 nullo
693 1515 812 1602 modo,
835 1536 892 1588 aut
913 1539 970 1607 per
984 1520 1189 1612 Historiam,

264 1616 400 1714 intelligi
416 1627 640 1712 aestimarique
657 1611 778 1718 potest.
810 1633 935 1721 Ecquis
952 1633 1053 1726 igitur
1070 1643 1104 1711 in
1121 1665 1198 1714 mo·
1256 1683 1258 1686 ·

166 1727 171 1738 ’
263 1745 428 1813 numentis
454 1739 587 1813 relatum
614 1743 722 1834 legens
747 1755 786 1820 de
815 1759 938 1842 magnis
963 1759 1196 1849 plerorumque

265 1859 427 1940 miseriis,
450 1874 507 1927 aut
530 1881 596 1929 non
615 1863 737 1932 levetur
762 1883 793 1934 et
812 1871 973 1955 erigatur,
996 1874 1025 1939 si
1050 1875 1093 1941 sit
1118 1878 1194 1962 ipse

263 1969 300 2040 in
330 1973 439 2039 eodem
465 1977 516 2042 vel
541 1977 642 2044 simili
670 1981 775 2062 malo,
806 1997 954 2052 autnon
979 1983 1192 2074 Deogratias
1248 2071 1251 2080 ,

262 2083 382 2157 intimo
400 2087 496 2156 animi
517 2085 636 2158 affectu
653 2107 745 2177 agat,
770 2095 798 2160 si
824 2096 867 2163 sit
893 2095 964 2182 ipse
984 2095 1192 2176 incolumis?

261 2195 389 2286 Ecquis
418 2204 526 2290 legens
559 2199 807 2278 innumerabiles
833 2211 1001 2282 hominum
1030 2219 1194 2302 myriades

260 2317 437 2402 quotannis
463 2313 639 2388 morbose
664 2320 774 2405 bello,
799 2325 936 2394 subinde
956 2344 1054 2398 terrae
1071 2311 1196 2417 motu,¹

261 2447 416 2523 aquarum
450 2415 682 2521 inundatione,
709 2435 850 2529 *aliisque
874 2439 1028 2526 casibus,
1057 2441 1197 2516 absum-

258 2538 330 2638 tas‚
354 2571 421 2621 non
448 2553 677 2637 mortemipse
694 2572 782 2621 suam
809 2554 912 2624 letius
932 2555 1031 2642 ferat,
1054 2561 1197 2648 ejusque

259 2679 410 2739 terrorem
429 2671 551 2738 leniaci
596 2669 687 2758 Quid
711 2671 862 2758 singulos
885 2673 1032 2745 homines
1052 2677 1194 2750 dicam?

257 2781 363 2862 Totae
387 2793 484 2861 urbes
501 2807 533 2857 et
549 2783 771 2878 magnitudine
788 2807 818 2860 et
835 2812 971 2892 numero
987 2795 1111 2883 ingenti
1128 2819 1192 2870 ex-

257 2911 394 2979 stinctae
420 2923 519 2992 sunt,
552 2923 589 2974 ut
624 2908 800 2994 singularia
832 2911 998 2981 homiuum
1031 2931 1215 3000 corpora.¹

159 2991 162 3000 ,
256 3028 356 3125 Quod
375 3021 430 3108 qni
448 3023 693 3106 animadvertat,
716 3043 824 3092 nonne
841 3046 875 3095 se
891 3026 980 3113 ipse,
1004 3031 1094 3113 quasi
1111 3033 1192 3100 Ser-

255 3145 303 3212 vii
325 3143 365 3208 ad
387 3141 575 3208 Ciceronem
593 3140 834 3226 admonitione,
857 3149 1066 3230 reprehendat
1077 3167 1090 3220 a·
1111 3153 1187 3222 vis·

257 3279 298 3329 ne
314 3275 352 3325 tn
369 3274 400 3325 te
415 3255 568 3324 cohibere
585 3272 616 3324 et
639 3257 801 3325 hominem
830 3275 941 3329 natum
966 3279 998 3330 te
1019 3265 1191 3338 meminis·

255 3393 316 3456 se,
346 3375 501 3440 caducum
532 3388 564 3439 et
587 3369 700 3458 fragile
727 3375 921 3462 negotium?
953 3395 1062 3450 noune
1091 3387 1189 3456 vides

255 3501 326 3554 tota
343 3487 470 3556 urbium
487 3506 621 3570 corpora
636 3489 740 3554 diruta
756 3491 920 3574 deletaque
932 3492 1067 3578 jacere?
1104 3497 1191 3569 Fuit

254 3603 312 3672 illa
334 3605 396 3670 sub
420 3601 566 3688 Assyriis
589 3601 755 3690 Babyloni
779 3605 915 3676 fuerunt
930 3611 1095 3680 Persarum
1117 3617 1192 3684 Ec·

257 3708 391 3785 batanai
415 3719 481 3818 fuit
505 3719 753 3820 Phoeniciotum
779 3719 891 3806 Tyrus
915 3735 949 3792 et·
971 3725 1094 3796 Sidoni
1118 3729 1191 3800 fuit

257 3832 424 3921 Memphis
440 3825 690 3926 Aegyptioruml
713 3837 847 3910 luerunt
866 3837 1063 3912 Graecorum
1078 3845 1193 3914 althe-

1097 3977 1192 4052 nae,
