2470 4724
263 282 330 356 tos
444 276 579 348 vrtn
616 279 661 348 n.
701 239 1040 358 nu'rrrtrtnrtt't.

270 471 431 556 gistrum,
447 485 542 550 quam
563 463 750 534 Academiae
771 468 1014 556 professorem,
1035 489 1181 562 spectata·

268 603 339 657 rat:
369 585 598 654 scholasticum
620 583 762 650 ordinem
786 587 891 670 magni
907 589 1074 678 faciebat,
1097 599 1115 664 l
1136 619 1179 664 ne·

269 704 378 784 mine,
399 701 461 768 nisi
488 699 545 782 qui
561 698 648 780 ipsas
677 699 805 768 Literas
826 719 1067 794 contemneret,
1087 729 1180 781 conte·

268 822 338 890 mni
353 835 450 901 posse
463 817 649 901 Judicabat,
662 831 693 882 et
711 837 778 900 quo
794 823 894 906 magis
910 824 1133 912 laboriosum,
1144 852 1173 900 eo

268 939 444 1024 majoribus
460 935 608 1020 praemiis
636 939 848 1024 laudibusque
871 945 1007 1030 dignum
1029 958 1175 1024 cfflstbatt

268 1055 369 1142 Quod
385 1051 545 1138 iudicium
564 1071 663 1132 quum
682 1055 766 1121 baud
780 1057 920 1125 obscure
934 1079 1011 1145 prae
1027 1085 1064 1134 se
1079 1067 1176 1152 ferret,

267 1171 391 1237 factum
409 1168 692 1254 estutmultorum
706 1169 770 1236 sibi
788 1171 987 1243 voluntatem
1005 1183 1177 1250 reconcilia·

263 1301 327 1355 tet.
369 1281 523 1348 Attamen
546 1281 632 1346 haud
655 1301 831 1364 paucorum
858 1287 893 1354 itt
918 1290 1036 1358 animis
1056 1313 1178 1362 maome·

266 1405 347 1470 bant
359 1400 550 1468 offensionis
567 1397 739 1481 reliquiae,
754 1401 812 1482 qui
825 1401 1098 1488 disciplinaesute
1111 1413 1178 1476 altr·

265 1515 681 1600 mnosLugdanobatavam
693 1517 893 1587 Academiam
913 1537 1057 1604 petentes
1070 1526 1176 1607 eaopi·

267 1634 368 1702 mione
384 1631 589 1711 imbuebant,
612 1648 650 1698 ut
673 1645 820 1715 putarent
835 1653 872 1702 se
887 1637 1076 1708 Ruhnkeoii
1090 1643 1177 1709 scito·

231 1767 233 1772 ’
265 1754 311 1820 lis
335 1751 400 1832 iis,
430 1749 463 1814 in
491 1747 611 1831 quibus
630 1747 811 1830 Scriptores
829 1751 939 1819 Latini
957 1769 1179 1839 tractarentur,

268 1865 364 1933 facile
384 1881 488 1930 catere
515 1879 624 1944 posse.
669 1865 777 1944 Atque
803 1865 882 1932 banc
906 1886 968 1952 ego
987 1879 1177 1957 praecipuam

266 1974 371 2044 inisse
385 1977 516 2042 dixerim
532 1990 699 2058 caussam,
716 1997 773 2044 cur
793 1982 848 2047 lrae
863 1985 1097 2069 scholae-oon,
1115 2009 1176 2071 pro

265 2111 376 2160 carum
401 2094 589 2175 praestantia
614 2111 646 2158 et
666 2095 821 2178 utilitate,
844 2099 1032 2182 frequentes
1048 2105 1175 2175 fuerim.

266 2211 469 2291 Accedebat,
494 2213 583 2293 quod
601 2214 738 2278 eamdem
760 2215 822 2280 sibi
837 2217 1019 2286 cathedram
1034 2239 1065 2288 et
1077 2223 1178 2290 deberi

142 2379 144 2384 .
218 2397 223 2406 ¹
265 2325 554 2404 existimabant,et
565 2327 702 2426 delatum
718 2327 756 2392 iti
768 2347 974 2412 speraverant
984 2336 1100 2405 Petrus
1111 2339 1180 2406 llut·

266 2457 403 2508 mannus
430 2439 597 2514 Secundus
622 2442 952 2531 Amstelodamensis,
976 2467 1008 2518 ct
1023 2455 1177 2539 Johtnnet

267 2557 462 2626 Schraderus
489 2557 768 2640 Franequeranus,
790 2561 1020 2649 Professores,
1042 2575 1180 2639 versatis·

263 2675 341 2744 simi
364 2691 440 2740 sane
464 2671 497 2738 in
512 2671 638 2740 Latinis
657 2673 778 2742 Litetis
796 2676 963 2764 homines,
987 2685 1043 2751 bic
1060 2707 1180 2755 accura-

265 2805 320 2870 ta,
343 2789 515 2868 illevatia,
538 2787 683 2878 doctrina
701 2792 829 2876 clarus,
852 2797 910 2880 qui
940 2799 980 2864 td
1006 2801 1066 2868 bas
1082 2804 1179 2870 laudes

266 2909 361 2975 etiam
377 2905 592 2972 hereditariam
606 2905 830 2978 burmanniani
842 2915 985 2984 nominis
997 2922 1120 2988 laudem
1135 2925 1179 2988 td·

261 3025 422 3110 jungeret.
466 3023 609 3107 Uterque
632 3044 699 3092 eam
718 3027 781 3093 sibi
798 3031 978 3100 cathedram
993 3036 1107 3102 deferri
1125 3059 1180 3120 op·

265 3159 406 3227 taverat,
421 3164 495 3212 cum
514 3160 646 3229 propter
662 3149 849 3216 Academiae
864 3154 1096 3236 celebritatem,
1110 3171 1178 3222 tum

267 3261 540 3347 opportunitatem
556 3261 667 3344 urbis,
689 3265 784 3349 cujus
802 3265 835 3333 in
854 3267 973 3336 vicinia
987 3291 1080 3340 suum
1098 3287 1180 3339 utet·

263 3399 330 3463 que
345 3380 479 3446 babebat
495 3379 736 3464 suburbanum,
758 3385 812 3452 ubi
828 3385 924 3457 ferias
940 3393 1117 3477 transigere
1134 3411 1178 3458 so·

262 3497 363 3565 lebat.
416 3497 518 3580 igitur
544 3496 609 3563 lieri
637 3499 693 3564 vit
714 3513 862 3584 poterat,
893 3519 929 3570 ut
956 3506 1044 3575 bona
1068 3509 1176 3575 boton

156 3642 158 3651 ·
264 3612 407 3679 vitorum
425 3631 498 3678 cum
517 3613 615 3699 gratia
632 3614 673 3683 iia
693 3611 907 3687 Ruhnkcnius
922 3641 1177 3708 praeponeretur.

265 3727 329 3795 Sed
353 3747 425 3796 cum
453 3731 634 3800 Bnrmanno
663 3721 733 3800 eurn
763 3739 940 3805 animorum
956 3742 1129 3807 liberalitas
1149 3751 1175 3802 et

267 3843 450 3916 similitudo
466 3847 594 3916 facilius
611 3849 849 3921 reconciliavit:
873 3856 959 3940 apud
972 3855 1174 3922 &baderun

1122 3978 1174 4031 se·
