2438 4718
139 306 202 389 hs
224 295 488 386 PUERORUM
508 298 834 388 eudemone.
892 323 960 418 stt

28 507 112 578 hunc
128 523 170 576 ne
185 505 292 574 adhue
308 502 410 580 istum
427 499 572 578 libellum
587 497 760 585 scripsisse
777 499 956 586 puteuuai

30 626 110 715 Quis
135 623 239 708 igitur
266 621 337 706 ejus
364 633 415 684 est
439 617 611 701 scriptor?
655 615 801 688 Nescio:
834 619 960 688 eruut.

28 743 124 808 chum
142 754 211 804 non
237 751 328 815 esse,
351 731 433 799 scio.
479 731 543 798 Sed
566 732 721 814 quisquis
746 734 874 802 tandem
897 735 961 810 iste

28 855 117 938 luit,
142 871 210 920 non
231 850 382 918 falsarius
401 848 495 916 debet
515 845 644 918 haberit
669 851 806 918 aliorum
827 869 959 934 errore,

28 988 94 1038 non
113 964 220 1052 ipsius
235 955 369 1045 fraude,
392 965 469 1030 haec
502 963 736 1048 scriptiuncula
754 968 960 1036 Plutarcheis

26 1084 160 1168 scriptis
175 1081 280 1151 addita
297 1099 369 1150 esse
387 1081 534 1148 viderur:
562 1081 621 1164 qui
653 1082 684 1150 si
707 1081 860 1168 ipsehoc
874 1082 960 1168 egis·

27 1214 77 1270 set
102 1214 139 1266 ut
163 1217 229 1266 eam
257 1195 442 1264 Plutarcho
461 1209 682 1279 supponeret,
707 1198 776 1282 ejus
803 1196 959 1282 profesto

27 1321 177 1388 rationem
205 1325 238 1382 et
264 1314 442 1381 orationem
472 1312 593 1380 imitari
623 1313 821 1381 studuisset:
849 1313 958 1384 veluti

27 1431 76 1513 la,
106 1431 164 1518 qul
191 1427 540 1513 Apophthegmstibus
573 1430 737 1512 praemisit
768 1429 956 1512 Epistulam
1078 1467 1087 1522 ,ι

27 1551 65 1618 ad
81 1549 282 1636 Traianum,
294 1547 374 1614 satis
388 1549 557 1634 diligenter
576 1550 733 1620 orationis
750 1552 958 1620 Plutarcheae
1078 1544 1083 1572 ¹

27 1667 161 1733 formam
185 1664 363 1748 expressit:
397 1679 430 1730 at
455 1664 680 1734 similitudinis
700 1666 957 1748 imitationisque

26 1786 180 1853 voluntas
203 1795 234 1848 et
257 1781 400 1849 studium
431 1800 498 1849 non
519 1781 593 1848 item
613 1797 747 1866 apparet
762 1782 796 1850 in
813 1783 956 1868 scripto,

26 1923 59 1970 re
79 1902 180 1970 libelli
206 1903 257 1966 De
273 1889 491 1967 Educationc.
536 1897 586 1966 De
615 1917 683 1984 quo
708 1900 737 1966 si
752 1901 832 1966 mihi
848 1901 956 1967 omni·

28 2033 68 2084 uo
85 2017 257 2085 dicendum
284 2016 328 2082 sit
356 2014 436 2098 quid
465 2015 637 2098 suspicer3
661 2015 763 2082 dicam
781 2013 953 2098 equidem,

29 2135 80 2202 scd
93 2135 136 2200 ita
162 2143 199 2198 ut
225 2149 285 2215 pro
305 2127 495 2213 suspicione
512 2143 544 2196 et
560 2131 631 2198 dem
650 2147 682 2198 et
704 2130 809 2216 accipi
834 2129 953 2214 relimg

28 2263 94 2318 non
110 2265 146 2318 ut
167 2265 334 2336 procerte
352 2261 484 2332 rataque
511 2249 690 2330 sententia,
715 2251 805 2331 quod
820 2247 888 2317 fere
905 2243 956 2314 fa·

25 2365 115 2434 ciunt
132 2365 190 2452 qui
213 2365 367 2434 omnibus
385 2365 536 2434 derebus
560 2365 729 2434 historicis
746 2385 844 2450 aeque
863 2377 952 2436 certo

27 2475 214 2564 firmiterque
240 2481 476 2564 pronunciant,
499 2482 687 2565 nullamque
712 2481 747 2550 in
773 2477 953 2567 prolrabilie

29 2605 87 2659 tate
110 2597 265 2664 rationem
295 2596 449 2679 graduum
470 2612 502 2661 et
526 2593 721 2664 discriminis
743 2597 882 2666 ducunt.

65 2709 163 2797 Igitur
178 2715 287 2782 adhuc
307 2713 384 2778 mihi
399 2712 528 2780 videtur
542 2712 737 2793 verisimile,
754 2713 948 2795 scriptorem

29 2819 120 2910 hujus
136 2830 241 2896 libelli
259 2829 362 2912 fuisse
379 2825 614 2894 adolescentem
632 2827 800 2894 rhetoricis
823 2827 950 2894 scholis

30 2937 226 3030 institutum,
257 2944 362 3028 primo
389 2943 475 3026 apud
499 2944 581 3010 alios
609 2943 803 3030 magistros,
834 2943 950 3012 deinde
1085 2995 1088 3001 .

29 3059 109 3136 apud
119 3060 349 3141 Plutarchum,
368 3078 473 3144 neque
491 3059 573 3126 illud
588 3058 666 3126 satis
682 3059 739 3125 diu
757 3074 793 3127 ut
806 3059 949 3144 aliquem

30 3173 65 3239 ab
82 3192 118 3242 eo
142 3179 286 3246 colorem
311 3192 343 3245 et
369 3175 514 3243 habitum
538 3177 724 3242 contrahere
741 3191 877 3258 posset,
901 3195 951 3244 re·

28 3306 138 3362 tentent
164 3295 268 3382 igitur
285 3293 319 3361 in
337 3293 509 3360 rhetoricis
527 3291 693 3358 Plutarchi
710 3291 832 3358 scholis
846 3291 949 3360 disci·

26 3407 151 3494 pulum,
165 3410 397 3494 philosophiae
415 3409 520 3477 adhuc
536 3408 607 3478 sive
621 3410 753 3492 rudem,
773 3405 843 3476 sive
856 3409 950 3493 igna-

26 3541 110 3608 rum,
130 3542 217 3594 certe
242 3525 300 3594 vix
323 3523 439 3609 primis
457 3523 559 3592 initiis
578 3537 611 3590 et
626 3522 832 3609 protrepticis
848 3525 951 3594 ratio·

29 3636 117 3706 nihus
133 3641 310 3711 imbutum.
354 3639 549 3708 Plutarchus
564 3639 651 3706 forte
668 3639 788 3707 dederit
803 3639 951 3724 discipu·

24 3749 64 3818 lis
88 3757 216 3842 thesin,
248 3759 360 3828 idest
391 3773 614 3845 argumentum
641 3760 856 3844 scriptionis,
891 3763 952 3828 hac

22 3862 175 3960 famula,
199 3879 246 3950 ul
263 3901 310 3960 τις
333 3878 651 3967 &aimarivillani
674 3890 729 3962 rtis
747 3889 808 3954 rhu
831 3883 957 3957 issuld-

902 4018 960 4078 pur
