2508 4712
204 271 345 356 v'i‘r'n
374 280 419 355 D.
451 271 790 354 nonnarum.
897 279 976 378 ‘il

36 473 91 540 'eia
117 469 238 542 literis
259 479 362 538 tutam
396 465 620 534 obtinentibus
651 468 762 536 Asiam
795 483 827 536 et
852 469 959 558 negu-

38 572 133 672 ptuin
161 585 286 672 (5¹2),
307 565 543 650 constituendis
567 583 828 668 instruendisque
846 569 964 652 biblio·

36 703 166 779 thecis,
184 716 259 764 cum
277 698 347 764 aliis
368 696 485 763 multis'
504 697 536 763 in
553 697 740 779 locia,tum
759 700 966 766 Alexandriae

36 825 72 882 et
90 811 235 896 Pergami
246 845 258 892 ‚-
270 809 496 876 invalescente
514 811 660 893 quotidie
674 793 885 880 ascribentium
905 819 968 880 nu·

36 949 153 1011 mero,
176 929 289 1010 ingens
313 925 470 992 librorum·
495 945 569 994 rum
590 930 762 996 multitudo
778 943 847 996 tum
866 931 968 996 varie·
1040 1003 1041 1008 ,

33 1055 115 1128 ias,
140 1046 256 1136 obesse
274 1044 374 1134 magis
399 1062 493 1125 quarn
512 1044 663 1130 prodesse
680 1045 775 1112 bonis
792 1029 913 1114 Literr‘s
931 1049 964 1114 et

33 1142 257 1244 Eloquentiae
277 1137 458 1226 videbatui.
501 1133 600 1247 Quod
635 1153 672 1226 ul
694 1173 841 1228 'caverent
869 1157 966 1230 detrl.

33 1285 210 1358 mentum,
231 1276 298 1342 duo
321 1287 451 1344 atrrnino
474 1275 601 1360 ingenio
626 1289 658 1342 et
679 1274 801 1345 infinita
818 1278 965 1348 doctrina

35 1389 183 1472 Cimini,
215 1379 450 1472 Aristophanes
475 1369 654 1471 byzan'tllrs'
679 1392 711 1456 el
735 1391 965 1472 Aristarchum,

31 1511 169 1576 'centuni
197 1497 262 1572 l‘eie
291 1499 322 1571 el
347 1505 581 1588 quinquaginta
614 1505 691 1588 post
718 1495 891 1575 Alexandri
916 1527 967 1574 ae-

30 1637 144 1708 vum,
165 1607 365 1706 totidemque
399 1636 471 1688 aute
500 1623 641 1688 nostiam
668 1621 769 1690 aeram
789 1625 905 1704 annia,
927 1601 968 1689 ll·

29 1732 104 1810 lam
124 1739 276 1805 librorum
299 1737 534 1804 multitudinem
562 1753 650 1804 certo
676 1736 809 1806 numero
827 1719 971 1806 circorum

27 1853 238 1925 scribendam
266 1847 447 1931 duxerunt,-
469 1849 502 1916 e't
524 1833 623 1918 ¹veluti
648 1870 750 1920 ceusu
767 1854 890 1937 agendo
905 1855 964 1920 cu.

27 1969 163 2054 jusque
176 1965 298 2052 generis
317 1965 460 2048 optimos
477 1969 628 2047 quosque
641 1951 821 2050 Sariptorea
838 1969 872 2034 in
889 1985 964 2036 suaa

24 2087 160 2154 classes
178 2084 382 2164 redegerunta
409 2073 528 2162 quibua
556 2082 630 2148 inde
648 2081 830 2150 Arctorum
857 2065 968 2150 elassa·

23 2219 150 2270 eurum
173 2211 291 2266 nomen
316 2196 457 2262 additum
479 2212 549 2280 eat3
575 2198 694 2282 quippe
709 2199 767 2282 qui
783 2199 847 2268 auli
861 2199 968 2284 justae

26 2312 158 2382 clasais
189 2309 411 2400 auctoritatem
449 2309 659 2392 obtinerent,
690 2330 772 2394 quae
804 2325 966 2392 tamquam

28 2430 84 2498 lex
109 2437 145 2492 et
163 2443 274 2491 norma
291 2423 371 2491 bene
382 2425 540 2492 scribendi
555 2427 683 2492 valeret.
709 2423 815 2508 Igitur
828 2426 861 2493 iu
879 2427 966 2492 hunc

32 2540 188 2611 ordinem
214 2538 304 2608 relati
322 2555 400 2608 aunt
416 2539 510 2627 (53)
532 2539 650 2607 Poetae
668 2539 804 2608 Hernici
810 2587 822 2626 ‚
846 2541 968 2609 Home·

885 2675 966 2738 fulla

66 2861 89 2956 ξ
96 2865 263 2952 samone
282 2858 529 2952 perirexrndruu
548 2857 665 2954 ejusque
685 2878 863 2941 necatores
882 2863 968 2934 Grae·

22 2987 67 3045 eis
86 2986 204 3042 colonis
224 2985 415 3060 frequentatae
429 2999 504 3046 runt.
539 2972 675 3062 Numqui
693 2999 772 3044 antea
786 2985 841 3061 jum
858 2983 969 3044 fuerant

24 3097 138 3176 Graeci
157 3091 266 3154 incolae
285 3096 314 3152 in
334 3095 449 3166 Siciliaq
469 3095 567 3167 ltalia,
587 3109 615 3153 er
639 3095 775 3154 maritima
798 3109 847 3153 ora
865 3095 968 3162 Asiae,

23 3207 171 3274 Africae,
193 3203 321 3274 Galliae,
341 3205 510 3278 Hispaniae,
530 3219 576 3262 aut
592 3205 652 3263 aliia
669 3205 697 3262 in
715 3205 894 3278 regionibus,
914 3202 969 3260 lma

25 3315 152 3375 anobis
167 3329 225 3372 non
239 3311 353 3372 excludi
370 3317 386 3372 a
404 3314 602 3372 commuuione
619 3313 792 3380 Liternum,
811 3327 861 3386 per
875 3325 905 3368 ae
921 3325 969 3384 pu·
1068 3295 1072 3310 '

26 3437 90 3482 teta
114 3435 170 3479 nee
190 3419 295 3480 moneri
315 3435 430 3482 neeesse
445 3437 503 3481 erat
521 3423 550 3480 in
570 3423 634 3498 ipso
652 3422 736 3482 libror
774 3421 837 3482 Hae
856 3433 969 3480 amora·

28 3537 305 3602 monendomum,
325 3531 447 3589 tironum
469 3543 575 3592 caussa.

65 3637 87 3718 (
99 3633 169 3714 53)
191 3639 274 3698 Hune
300 3639 474 3713 Scriptorum
496 3651 611 3698 remum
631 3637 759 3699 exhibuit
781 3637 970 3700 Ruhnkeniua

27 3753 59 3810 ln
81 3747 213 3808 Historia
229 3747 336 3807 critica
351 3749 431 3806 Oret·
449 3748 500 3808 Gr.
519 3759 603 3824 p.9'4;
619 3763 736 3823 sequens
752 3747 972 3824 Quinctilianum

24 3857 130 3921 Inruit.
141 3855 256 3918 Oranx
264 3897 275 3932 ,
288 3871 300 3916 1
314 3873 323 3916 a
339 3855 556 3918 Grammarieum
573 3857 769 3919 Bibliothecae
784 3857 973 3920 coislinianae

511 3967 560 4030 Ti
848 3979 878 4044 P·
896 3977 951 4040 597
961 3999 974 4042 r
