2470 4724
275 273 341 360 μ.
452 253 592 330 vrrs
614 255 661 330 n.
690 245 1015 328 nnmnnenrt

276 467 348 534 eet,
377 443 705 534 praesentemonnle
734 441 878 512 uberiore
900 445 1103 530 amplioreque
1122 441 1166 511 ele·

274 567 504 654 prehendisse3
537 579 596 646 ut,
624 577 730 646 quum
755 561 871 630 abiens
894 561 1091 630 admirabilem
1116 557 1165 623 sibi

276 685 382 754 virum
409 680 637 760 informasset,
666 680 731 765 jem
756 697 904 762 praesens
927 679 1058 762 aliquem
1079 679 1163 744 Deum

276 801 385 870 videre
397 797 458 866 sibi
472 797 642 863 videretur.
687 795 776 862 Huic
795 796 900 878 igitur·
912 796 1025 862 similis
1038 793 1098 860 lieri
1115 810 1167 862 stu·

278 917 371 988 debat
382 937 390 980 r
402 911 489 982 hunc
507 911 574 980 dies
590 928 770 994 mesenque
788 913 852 978 sibi
868 912 1166 996 propenebrtrhujus

278 1033 320 1098 ab
342 1047 399 1094 ore
423 1027 603 1110 pendebstr
633 1028 732 1112 hujus
760 1045 895 1110 persen
922 1027 1066 1110 deinceps
1088 1043 1166 1092 annos

281 1143 403 1212 sc-lmlis
423 1141 585 1218 residerem
601 1157 729 1222 operam
744 1139 879 1206 navabat
891 1159 902 1208 r
914 1139 1010 1223 hujus
1027 1153 1055 1206 et
1065 1151 1129 1204 tnnc
1142 1151 1166 1202 tt

278 1271 393 1342 pestes
425 1253 596 1334 familiares
617 1271 783 1323 sermones
809 1267 841 1320 et
864 1252 1166 1328 consuetudinemita

281 1385 487 1448 cnersectstus
503 1385 576 1452 est,
596 1385 655 1452 ut,
678 1374 786 1452 quoad
800 1386 939 1454 posset,
960 1371 1000 1438 ab
1015 1371 1069 1456 ejus
1086 1370 1165 1434 lrtcre

281 1508 348 1568 nep
362 1487 555 1568 discederet,
574 1504 631 1552 nec
650 1484 770 1552 dictum
787 1487 1022 1554 monitumvel
1038 1485 1103 1550 senis
1118 1501 1163 1549 ore

281 1605 397 1692 enicet,
408 1599 487 1682 quin
503 1601 536 1666 id
547 1600 705 1686 exciperet
717 1601 849 1669 acildeli
861 1603 1163 1698 memorirreponeret.

279 1719 392 1807 Ergo,
408 1735 474 1784 non
493 1717 588 1783 modo
604 1719 766 1804 eamdem,
786 1735 885 1802 quam
903 1717 937 1784 in
962 1717 1163 1786 Hemsterlsusie

281 1833 478 1924 mirabatur,
495 1831 673 1900 doctrinam
696 1846 728 1896 et
752 1831 822 1914 ipse
837 1847 1031 1899 consecutus
1049 1847 1106 1912 est,
1124 1827 1165 1895 sed

239 1949 247 1966 ‘
280 1970 347 2034 pam
371 1965 527 2044 praeterea
555 1969 614 2018 sua
639 1949 773 2032 quadam
794 1961 825 2014 et
842 1950 977 2034 proprie
993 1947 1092 2034 ingenii
1106 1963 1162 2011 sm·
1184 1959 1185 1964 ’

281 2073 382 2158 pirate
397 2070 486 2140 auxit
505 2087 536 2136 et
550 2068 748 2142 exhilaravit.
772 2069 817 2134 Et
834 2071 1075 2156 quandoquidem
1086 2068 1161 2132 lien·
1184 2133 1185 2146 2

282 2188 499 2282 stprhusianee
521 2185 685 2254 doctrinae
714 2187 911 2270 praestantia
939 2189 1040 2270 posita
1060 2197 1110 2250 eret
1134 2157 1185 2246 in}

280 2298 523 2394 lintiquapum,
542 2300 643 2386 idest
662 2299 854 2386 Graecarum
874 2321 906 2370 et
925 2301 1108 2378 Latinarum,
1121 2292 1161 2361 Li·

279 2395 548 2508 tetecumcsiti'ca
569 2415 728 2498 scientim
751 2415 835 2482 haud
852 2419 992 2504 alienum
1013 2415 1118 2484 videtm
1134 2408 1160 2472 ri

278 2531 344 2637 iret
357 2529 456 2611 loco,
478 2531 618 2614 quaesit
634 2533 722 2596 illius
738 2531 895 2618 scientiae
915 2532 1035 2604 materia
1048 2544 1074 2598 et
1087 2523 1159 2602 ratio,

279 2646 440 2728 breviter,
465 2647 572 2734 quossi
587 2647 656 2733 ejus
672 2645 742 2714 fieri
756 2661 898 2734 potest„
923 2653 1079 2718 declarare.

289 2761 463 2830 .C0nstat
488 2761 572 2846 inter
597 2781 730 2844 omnes,
764 2781 890 2833 omnem
915 2765 1030 2852 ingenii
1052 2761 1158 2832 culturis

279 2896 405 2956 emnem
427 2896 519 2946 verae
537 2878 709 2968 elegantiae
732 2893 763 2944 et
782 2880 1010 2962 pulcritudinis
1025 2876 1156 2946 saionem
1184 2895 1185 2964 l

281 3012 394 3097 nmnes
407 3009 491 3060 artes
505 3013 545 3066 ec
562 2994 773 3076 disciplinas,
791 3010 822 3060 et
840 2997 1004 3064 exstitisse
1023 3009 1050 3060 et
1066 2987 1185 3058 floruit·

231 3167 234 3174 .
277 3127 314 3186 se
338 3109 424 3192 apud
444 3109 608 3176 Graecos:
632 3109 672 3174 ab
692 3109 742 3174 his
765 3111 804 3176 nd
826 3109 1015 3192 Romanos,
1035 3111 1052 3176 i
1072 3105 1185 3170 lom

278 3224 333 3312 pis
359 3225 398 3290 ad
415 3223 496 3296 sios
516 3223 669 3306 Europae
693 3225 838 3318 populos
864 3229 1014 3309 venisse,
1033 3240 1061 3291 et
1074 3215 1185 3318 pertiti

277 3337 393 3432 ll⁰i¹¹¹¹¹
424 3341 574 3410 socordia
599 3355 631 3412 et
658 3340 860 3423 calamitate,
881 3343 993 3436 partim
1019 3343 1156 3408 errterorlssl
1184 3341 1185 3408 l

276 3455 475 3564 populorum
509 3455 712 3526 barbaricae
742 3457 912 3542 dominio,
944 3471 1068 3542 quorum
1095 3460 1155 3513 urm·

276 3585 413 3647 rumque
440 3573 458 3641 t
484 3573 669 3640 colluvirne
692 3572 828 3658 majores
859 3573 963 3650 nostri
988 3569 1153 3642 exstiterunt,

278 3679 411 3768 pbrutas
425 3679 677 3769 neglectasque¹
665 3687 810 3771 paruisse
825 3708 881 3772 per
895 3688 981 3757 mille
996 3687 1053 3756 lere
1065 3686 1151 3750 anilis

277 3792 396 3948 peribus
421 3800 560 3924 medinm
580 3820 693 3908 aevum
711 3818 889 3898 censetur,
886 3808 950 3924 ad
969 3781 1153 3907 saeculumd

1118 3892 1185 3962 e

272 3999 436 4050 ai.
