2508 4712
135 364 139 375 .
238 315 302 404 '652
398 310 537 383 ιιιτιι
569 283 618 383 ιι.
657 310 988 384 ιιιιιιιιιιιιιιι.

231 501 383 590 grediens
406 505 559 590 uestigio,
584 499 753 568 secundum
766 499 934 574 iustitiam
957 520 1010 565 res
1032 515 1156 573 tractae

235 621 420 684 humanas:
442 619 506 685 hoc
532 617 634 701 igitur
660 615 790 682 memini
814 615 912 681 abeo
937 615 1092 700 ejusmodi
1105 615 1158 682 at·

236 735 348 820 iectu,
372 757 411 805 eo
440 739 607 804 oculorum
629 735 723 820 quasi
742 737 852 802 ardore
869 734 1103 818 pronunciari,
1121 749 1158 799 ut

236 857 338 922 veluti
358 857 375 922 a
392 856 461 922 Deo
486 855 622 920 missum
643 869 750 919 vatem
768 866 800 918 et
824 850 934 918 audire
957 853 1037 918 mihi
1060 865 1093 918 et
1115 851 1167 917 vi.

237 971 309 1036 dete
335 969 477 1050 viderer,
499 983 552 1049 et,
575 967 664 1050 quod
688 967 774 1056 apud
801 967 933 1034 Poitem
958 969 1060 1053 (50)
1082 969 1163 1034 dici·

237 1101 312 1167 tur,
329 1084 457 1170 gelidus
473 1086 555 1150 mihi
568 1099 634 1173 per
655 1104 724 1150 ossa
749 1097 900 1150 curreret
921 1097 1059 1151 tremor.
1102 1084 1165 1151 sed

229 1203 374 1268 *eamdem
402 1203 576 1272 orationem
604 1204 741 1286 legeres,
763 1198 810 1267 nii
834 1201 899 1284 jam
924 1201 1085 1282 sentiret,
1105 1201 1165 1267 fri·

238 1335 351 1400 geres:
375 1337 528 1385 sensuum
548 1316 843 1398 sententiarumque
864 1314 930 1381 vim
951 1313 1164 1384 labefactabat

239 1435 393 1503 dictionis
428 1435 747 1518 compositionisque
769 1451 841 1500 cum
872 1417 1154 1517 negligentiarum

236 1553 420 1620 difficultas.
471 1549 576 1636 Igitur
596 1547 813 1618 Ruhnkenius
837 1549 962 1631 lectus,
987 1545 1154 1615 Valckena-

235 1668 304 1733 rius
327 1665 478 1746 auditus,
501 1663 601 1748 magis
623 1661 781 1748 placebat.

270 1783 441 1850 Caeterum
457 1781 492 1848 in
507 1778 695 1864 quotidiana
711 1779 798 1848 vitae
810 1779 1050 1848 consuetudine
1066 1797 1166 1862 quum

240 1913 377 1982 uterque
402 1917 484 1966 suus
510 1916 568 1966 nee
595 1900 718 1966 alienus
744 1913 848 1983 esset,
878 1901 924 1968 nil
952 1898 1166 1967 affectationis

238 2012 387 2094 haberet,
417 2031 543 2095 mores,
574 2013 761 2095 incessum,
791 2027 942 2098 gestum,
975 2015 1164 2081 eromuino

241 2143 408 2196 externum
437 2128 582 2196 habitum
610 2130 649 2194 ad
675 2126 797 2194 nullius
821 2127 1041 2210 cuiusquam,
1069 2145 1158 2210 quem

238 2245 356 2314 imitari
382 2245 522 2328 velient,
546 2245 726 2326 exemplum
752 2259 1009 2328 componerent,
1031 2243 1085 2310 sed
1106 2260 1164 2310 ua·

239 2375 329 2426 turae
354 2359 418 2442 ipsi
441 2381 519 2427 tuae
548 2363 821 2446 obsequerentur3
854 2361 897 2426 ita
925 2361 1093 2428 hominum
1118 2373 1166 2424 ta·

238 2490 332 2554 meu,
362 2454 420 2556 qui
454 2493 510 2539 eos
543 2495 610 2542 non
642 2477 778 2544 interius
817 2493 1009 2561 noscerent,
1037 2479 1161 2544 diversa

237 2601 326 2653 erant
342 2587 381 2652 de
398 2602 535 2672 utroque
554 2588 686 2675 judicit.
731 2589 770 2658 In
787 2576 1021 2674 Valckenario‚
1041 2608 1078 2656 ut
1091 2589 1159 2657 fere

243 2701 278 2768 in
296 2701 544 2772 Hemsterltusio
563 2719 593 2772 et
612 2705 773 2790 Ernesto,
788 2723 902 2777 natura
917 2712 1024 2778 omnia
1039 2709 1078 2775 ad
1092 2729 1164 2793 gra-

239 2817 370 2884 vitatem
395 2817 548 2900 finxerat;
581 2835 618 2888 ut
647 2824 712 2910 jam
741 2823 777 2892 in
798 2825 918 2908 iuvene
942 2843 1025 2896 esset
1053 2828 1162 2893 senilis

240 2933 367 3002 forma:
391 2937 424 3001 in
441 2935 638 3004 Ruhnkenio
654 2954 791 3023 contra,
813 2943 852 3006 ad
868 2961 1072 3009 communem
1091 2961 1165 3008 serr·

241 3067 313 3116 sum
340 3069 376 3116 ac
401 3049 608 3136 facilitatem3
643 3071 700 3136 ut,
735 3056 825 3137 quod
849 3057 1005 3138 volebat,
1037 3062 1164 3124 unusi

239 3167 356 3240 multis
372 3167 552 3262 videretur,
575 3183 605 3236 et
624 3171 727 3236 adhuc
749 3169 783 3237 iu
799 3185 875 3239 stne
890 3171 1047 3257 juvenilis
1063 3187 1166 3238 exsta.

240 3299 288 3350 ret
317 3283 450 3368 species.
495 3283 612 3366 ltaque
638 3283 751 3369 fiebat,
783 3298 823 3351 ut
847 3287 988 3372 vulgus,
1021 3288 1079 3370 qui
1101 3286 1168 3353 iere

242 3399 396 3484 opinione
416 3417 448 3466 et
466 3416 598 3469 externo
613 3400 728 3495 habitu
745 3417 915 3485 movetur,
937 3401 1168 3480 Ruhnkeuium

241 3517 453 3586 Valckenrtio
470 3519 577 3588 minus
591 3521 723 3616 doctum
740 3531 878 3604 putaret.
921 3517 1068 3602 Uterque
1078 3537 1170 3603 prae·

1114 3652 1168 3720 1¹¹·
1243 3695 1244 3736 ἦ

276 3805 295 3885 ζ
305 3807 369 3886 50)
390 3811 489 3884 Vitgri.
515 3813 586 3874 Aen.
605 3814 653 3886 ΙΙ,
680 3829 751 3886 120,
774 3811 936 3893 gelidusque
955 3822 1012 3888 per
1037 3813 1097 3875 ima
1120 3826 1167 3867 α*

239 3925 334 3985 tuerit
353 3921 421 3979 Ossa
439 3923 554 3981 tremer-
