2388 4714
152 325 412 414 rtnrsncn't
429 331 791 413 monstramus.
808 341 837 413 1.
891 339 957 428 un
1016 285 1020 300 ⁸

57 551 99 602 ue
112 551 171 600 oon
187 530 364 617 poeniteret
381 544 533 614 quantum
553 545 796 613 promoverem,
812 529 875 597 hoc
888 521 956 598 no'n

56 663 162 716 nurum
176 663 242 715 erat
258 661 294 713 ut
308 646 466 714 brevitate
478 643 633 728 temporis
647 645 880 729 exspectationi
896 645 957 712 ho·

57 765 157 832 minum
170 762 336 832 Plutarchi
349 761 455 830 nostri
471 761 693 830 studiosorum
719 757 953 845 sanshcerem3

58 883 83 946 si
103 881 213 963 quidem
237 881 419 965 expositam
442 878 476 946 in
504 877 703 946 Bibliotheca
719 875 843 945 Critica
860 877 955 944 inati-

58 1014 193 1085 tutanque
213 1001 370 1069 rationem
394 1013 522 1085 tenere,
543 1013 574 1066 et
594 999 896 1067 Animadversiones
913 1000 953 1066 ad

62 1131 142 1180 ternu
162 1115 401 1197 verborumque
431 1113 722 1197 interpretationem
751 1129 953 1199 comparatas

67 1233 137 1298 simul
151 1251 222 1300 cum
241 1229 377 1316 scriptis
393 1229 582 1312 Plutarchi,
604 1229 712 1313 iisque
729 1231 845 1313 quavis
862 1230 953 1316 pagl-

63 1345 285 1432 nasnbjectns,
315 1345 405 1412 edere
427 1345 554 1411 vellem.
616 1343 756 1410 Verebar
787 1344 880 1410 etlam
911 1323 957 1410 ne

13 1545 14 1548 Ἴ
58 1461 155 1530 donus
180 1462 365 1530 differenda·
380 1461 520 1528 editione
551 1479 654 1527 vanua
687 1462 729 1527 ad
762 1460 954 1544 promitten-

13 1555 14 1650 }
54 1578 113 1644 dun
130 1591 161 1644 et
184 1578 280 1664 piger
302 1579 342 1646 ad
361 1577 557 1644 efficiendum
574 1575 716 1658 viderer3
739 1587 796 1640 aut
816 1572 951 1658 potius,

53 1695 204 1761 nedudnm
223 1705 409 1776 susceptam
433 1693 584 1758 vanitatis
592 1705 636 1756 et
653 1690 801 1775 pigritiae
826 1689 955 1774 opinio-

13 1813 14 1818 ’
52 1827 105 1876 nen
125 1829 284 1897 augerem.
344 1809 430 1876 Dum
465 1827 527 1893 ego
557 1806 591 1874 in
617 1806 789 1874 Plutarcho
814 1807 951 1891 haereo,

51 1945 126 2010 ecce,
152 1930 230 1996 duae
257 1927 347 1994 illins
378 1925 558 2006 editiones,
589 1937 668 2008 post
700 1941 799 1990 meam
825 1923 955 1991 institui

52 2060 177 2128 coeptae,
198 2045 257 2111 diu
283 2057 356 2111 ante
383 2061 449 2110 eam
475 2041 622 2123 evolant,
644 2040 730 2106 leves
758 2055 835 2106 aare
851 2056 889 2106 ac
906 2051 955 2106 te.

53 2179 133 2243 nuta,
151 2164 206 2230 sed
224 2159 384 2244 imperltis
402 2157 577 2226 vendibiles
594 2157 629 2224 ln
646 2153 836 2224 Germania:
853 2156 951 2222 altera

56 2287 236 2360 rrrsrrt,
260 2288 334 2341 ante
360 2273 425 2346 hoa¹
446 2271 565 2356 viginti
589 2288 712 2338 annuat
734 2269 852 2352 altera,
873 2269 951 2339 hinc

57 2405 138 2472 nuper
149 2393 302 2477 repetita,
327 2408 420 2474 quam
440 2407 507 2456 non
525 2386 606 2455 vidi.
636 2385 865 2454 Admonitorea
885 2390 951 2456 ool·

55 2507 129 2573 rou
148 2508 290 2576 nominis
316 2504 499 2591 frequentes
523 2506 661 2572 aderant.
707 2501 840 2591 Quibus
858 2505 888 2570 si
903 2504 953 2571 di·

55 2633 155 2702 tuen,
174 2624 266 2708 quod
279 2639 354 2690 vere
369 2620 532 2701 dicebam,
557 2620 700 2687 nondum
719 2617 819 2700 mihi,
841 2635 954 2700 quarn·

57 2739 95 2804 ris
119 2741 178 2810 boe
204 2743 321 2812 sedulo
344 2741 470 2827 agenti,
502 2740 608 2806 omnia
632 2739 789 2806 instructa
814 2755 885 2806 esee
913 2742 954 2809 ad

56 2855 199 2925 editionem
216 2875 283 2943 qua
304 2871 336 2924 et
352 2853 465 2941 peritis
480 2869 512 2920 et
528 2853 598 2936 ipse
615 2851 692 2921 mihi
713 2848 951 2934 satisfacerem,

59 2973 158 3045 uscire
172 2995 236 3046 erat
253 2978 337 3045 hanc
357 2975 519 3060 plerisque
542 2971 778 3040 exeusationem
803 2969 949 3053 probare.
1053 3049 1059 3066 ι

57 3087 134 3162 Erant
146 3111 177 3162 et
193 3095 325 3181 publice
341 3107 373 3160 et
391 3091 563 3176 privatim,
586 3089 644 3172 qui
664 3083 776 3153 festivi
793 3103 865 3152 esee
885 3087 952 3152 vel·

61 3201 127 3287 lent,
152 3225 183 3276 et
211 3212 269 3278 has
306 3222 446 3276 aeternas
480 3223 586 3274 moras
620 3201 763 3272 dicteriis
788 3211 951 3287 peterent:

70 3329 128 3392 lunt
140 3324 304 3407 equidem,
334 3337 371 3388 ut
395 3323 435 3388 ab
459 3333 607 3388 accurata
631 3316 780 3385 doctrina
801 3315 896 3382 rudes
918 3329 951 3382 et

69 3443 169 3504 mmsn
190 3442 352 3508 rationum
375 3438 528 3525 ignaros,
548 3432 802 3504 contemnebam.
847 3431 950 3499 Erant

66 3543 131 3615 boni
144 3571 169 3621 et
185 3557 275 3626 docti
299 3557 384 3640 viri,
407 3555 463 3640 qui
489 3571 539 3621 me
565 3553 769 3650 hortarentur
785 3561 820 3614 ut
836 3563 873 3615 ea
889 3548 961 3614 salv

62 3673 114 3729 tem
133 3667 220 3738 ἀιιιιιι
243 3688 325 3754 quae
339 3671 406 3758 lam
426 3683 536 3755 parata
558 3665 726 3748 haberem,
748 3665 872 3748 reliqua
886 3661 954 3732 alio

61 3797 175 3868 tenpore
194 3793 229 3858 in
254 3791 351 3858 altera
375 3789 517 3859 editione
533 3787 688 3854 adderem.
733 3785 875 3852 Alteram
894 3799 951 3850 ve·

58 3911 105 3984 ro,
128 3905 276 3992 inquam,
307 3905 477 3978 sunonem
510 3901 697 3980 tranunt
749 3896 952 4024 Valentiam

896 4022 954 4073 rte·
