2562 4708
269 325 336 396 ago
428 297 684 374 PRAEFATIO
704 319 752 370 tx
772 297 897 372 PRiM.
922 301 1045 404 uum

271 487 474 580 grammatica
490 487 623 556 scientia
637 506 659 580 t·
673 488 777 554 tribus
796 491 862 582 iilis
891 491 1053 574 prioribus
1072 493 1122 558 vei
1144 511 1201 566 ex.

267 585 673 685 traotdinariasmei'cut'tr
693 605 765 671 aliis
782 598 905 674 uostris
922 580 1200 694 so'iolirconjrrn.

268 741 360 806 ctos,
383 722 497 789 damur
523 719 673 786 scholast
699 735 830 803 quartae
848 721 945 790 nobis
968 725 1069 804 partis
1089 744 1201 809 perpe·

267 852 324 907 tua
342 852 441 906 estet
467 833 625 903 ordinaria
647 835 832 918 institutio,
855 850 893 904 ut
911 839 1043 919 quaead
1064 841 1198 924 reliqua·

215 965 217 970 '
265 973 338 1024 rum
362 954 460 1020 trium
482 949 724 1036 intelligentiam
740 960 809 1034 ,et
834 935 1087 1041 ipsius'iinguae
1109 959 1196 1042 inge·

265 1073 459 1151 piorumque
483 1067 726 1151 cognitionem,
748 1067 994 1153 interpretandis
1010 1071 1193 1141 Auctorum

267 1185 400 1269 scriptis
419 1183 675 1271 aditum-aperit.
714 1181 831 1272 -Hujus
848 1183 944 1250 mobis
957 1203 1099 1252 annuum
1118 1202 1198 1268 perr·

262 1322 337 1374 sum
359 1303 403 1369 ita
421 1301 621 1385 descriptum
638 1314 710 1385 est,
734 1316 770 1368 ut
788 1301 827 1368 ab
841 1301 951 1384 aliquo
967 1301 1105 1385 optimae
1118 1321 1197 1384 pro·

261 1437 319 1490 tre
341 1417 510 1504 Scriptora
528 1417 659 1490 initium
684 1421 865 1501 ducamus,
896 1433 968 1486 tutu
983 1417 1016 1484 'ai
1039 1418 1195 1502 adjunga-

260 1552 337 1606 mus
362 1533 564 1616 Homerum,
597 1535 737 1618 denique
761 1534 796 1604 in
817 1535 1018 1620 Tragoedia,
1048 1532 1100 1598 vel
1123 1531 1196 1598 co-

259 1651 414 1734 moedis,
434 1651 486 1717 vel
505 1651 689 1733 Bucolico,
708 1653 761 1718 rel
777 1651 842 1718 aiio
857 1650 1012 1730 carmine,
1034 1647 1129 1716 finem
1144 1647 1194 1716 ft·

261 1772 401 1838 ciamus.
456 1767 502 1834 Et
535 1749 793 1852 duindoquid'em
818 1751 979 1836 ¹instituto
1010 1767 1191 1852 majorum,

260 1881 455 1950 Graecarum
480 1879 659 1948 Literarum
678 1881 922 1951 professoribus
946 1881 1114 1965 provincia
1132 1881 1189 1948 ad·

256 1993 327 2072 diia
344 2009 395 2062 est
415 1994 644 2078 interpretanti
658 1977 759 2065 troii
775 1993 997 2076 Testamentir
1020 1993 1098 2060 huic
1114 2013 1191 2078 pro·

257 2109 392 2178 vincire
414 2109 460 2176 ita
487 2105 729 2191 satisfecimus,
751 2109 837 2180 utin
861 2127 928 2177 utto
952 2109 1117 2190 alteroque
1136 2123 1191 2172 ca·

258 2227 329 2314 pite
356 2227 535 2310 exemplum
557 2233 777 2310 proponemus
796 2223 1070 2309 interpretationis
1084 2239 1193 2307 gram-

256 2348 413 2432 maticae,
443 2362 507 2431 qua
539 2345 724 2432 scriptorio
746 2361 778 2414 ct
808 2343 1190 2430 sententiacrtpticetur,

256 2473 290 2530 ct
308 2463 412 2529 oratio
432 2461 513 2547 quid
538 2481 559 2529 a
581 2461 705 2530 Graeca
728 2461 853 2532 differat
877 2461 1023 2530 oratioue
1038 2472 1186 2530 notetur.

270 2575 348 2642 ·-Et
375 2595 450 2646 vero
481 2579 515 2647 in
541 2579 730 2646 universum
757 2578 856 2646 uobis
882 2577 991 2660 vaiet,
1021 2576 1113 2658 quod
1144 2577 1187 2642 dc

254 2692 401 2773 exemplo
429 2693 586 2762 diximus.
616 2694 725 2762 'No'm
750 2711 784 2762 ct
818 2695 943 2780 reliqua
977 2691 1187 2775 Auctorum,

251 2817 329 2874 carm
356 2804 564 2876 cumarum.
593 2823 661 2878 tum
686 2811 931 2895 Romanorum,
958 2793 1185 2896 interpretatio

250 2919 297 2987 ita
318 2926 502 3009 peragitur,
525 2920 592 2996 noti
618 2943 655 2994 ut
680 2946 792 2996 eorum
817 2933 925 2999 omnia
943 2951 1040 3016 opera
1063 2925 1187 3000 eu'trre·

249 3051 348 3120 mus,
379 3037 556 3124 o'maesquc
581 3055 599 3108 e
621 3043 875 3118 commentariis·
893 3049 1005 3131 copias
1024 3046 1185 3120 effunda-

194 3213 196 3220 s
250 3153 347 3236 mus,
370 3159 433 3224 sert·
451 3156 539 3224 utin
557 3161 742 3247 praecipuis
759 3183 869 3232 corum
886 3165 1019 3248 scriptia
1035 3165 1184 3246 tegendis

249 3273 412 3348 discentes
435 3281 638 3350 exettcantu'r
662 3281 702 3348 td
727 3263 794 3348 eam
812 3277 1022 3358 facultttom,
1045 3283 1110 3361 qui
1128 3297 1181 3353 rea

246 3387 336 3471 liqut
362 3389 474 3458 deinde
498 3391 680 3465 Arctorum
706 3415 801 3483 opera
823 3413 888 3466 suo
906 3394 975 3482 ipsi
998 3397 1110 3467 studio
1126 3396 1179 3472 ina

246 3503 408 3603 telligatur.
919 3525 921 3530 ·

290 3619 460 3692 Caeterum
482 3624 668 3696 Auctorem
682 3628 757 3700 libri
773 3629 876 3716 typis
899 3634 1043 3714 expressi
1070 3649 1177 3718 quum

243 3753 333 3806 anteo
361 3743 440 3808 stris
469 3744 566 3811 trobir
593 3745 779 3830 frequentes
802 3751 841 3816 ad
867 3747 1051 3820 schramm
1078 3768 1175 3820 usum

244 3870 475 3945 suppeterent,
500 3859 624 3934 iactum
645 3877 697 3932 eat
719 3865 875 3951 partitum
899 3865 1087 3938 ditctum
1110 3883 1179 3946 pu·

1106 3995 1172 4050 mv
