2438 4718
231 301 300 404 ,ss
342 299 600 378 rtmrrrro
619 293 1075 385 runrrnmnsrourur

238 513 345 568 terum
363 491 519 563 offirmare
537 505 697 578 possum
726 512 778 562 me
799 493 905 564 adhue
927 499 963 566 in
987 493 1153 574 oxoniemi

240 613 369 682 Graeco
383 621 540 678 contextu
554 622 585 676 et
599 607 718 678 Lerina
734 611 906 697 versione,
931 631 987 684 eut
1003 619 1090 686 nullr
1102 637 1155 688 rut-

239 725 437 812 prucissimr
459 723 613 809 reperisse
642 745 809 810 operarum
833 730 929 798 vitiae
959 753 1058 803 unum
1083 739 1152 804 site·

239 859 379 928 rumque
411 841 446 910 in
478 842 757 913 Annourionibus
790 861 822 914 ot
852 849 1071 923 Pneietionee
1104 858 1153 924 tir

240 976 342 1030 unum
360 972 393 1026 et
410 959 541 1026 alterum
562 961 653 1041 qnod
670 979 803 1030 sensum
828 967 957 1052 turbet,
980 989 1039 1038 nec
1066 973 1158 1043 fecie·

236 1081 281 1150 sb
306 1075 437 1146 homine
458 1075 661 1144 mediocriter
681 1079 779 1147 docto
803 1084 921 1169 corrigi
948 1105 1057 1168 quest.
1100 1091 1153 1158 Sed

238 1197 316 1265 huic
342 1194 573 1278 qualicumque
592 1193 798 1265 incommodo
828 1215 860 1266 et
882 1205 1072 1272 consultum
1093 1211 1152 1293 jem

237 1326 288 1382 est
317 1311 352 1378 in
382 1309 530 1390 Erratis,
561 1325 593 1376 et
620 1329 683 1377 nos
716 1311 857 1394 amplius
886 1321 1090 1388 consulemus
1119 1324 1152 1391 in

236 1430 593 1504 Animadversionibus.
639 1429 724 1498 Setis
737 1431 860 1500 dictum
876 1435 916 1502 de
940 1435 1148 1522 Bibliopoiise

236 1569 322 1634 quos
342 1566 385 1615 ne
405 1547 626 1633 attigissemus
646 1547 798 1634 quidem,
821 1553 885 1618 nisi
910 1571 1018 1623 eorum
1036 1576 1142 1629 neusse

194 1695 196 1699 ·
233 1665 412 1749 conjuncte
426 1675 511 1728 esset
527 1677 603 1729 eum
630 1661 819 1733 hominibus
842 1669 980 1738 literatis
1004 1675 1146 1744 alienita-

233 1781 325 1850 boris
339 1779 631 1864 interceptoribuse
653 1782 693 1848 de
711 1781 834 1866 quibus
849 1803 997 1870 superest
1013 1805 1050 1860 ut
1071 1794 1149 1862 dicr-

160 1879 163 1890 ⁵
232 1915 320 1968 mus.
891 1967 894 1974 .

277 2011 488 2099 Quicumque
502 2009 622 2094 ingenii
639 2013 802 2097 studiique
817 2017 871 2084 sui
889 2019 1014 2090 foetum
1034 2029 1148 2114 scripto

229 2131 271 2196 nd
294 2125 456 2212 pubiicum
483 2125 655 2194 utilitatem
677 2131 831 2215 vulgent,
853 2137 995 2207 ut‘niius
1018 2145 1078 2209 riis
1095 2147 1146 2212 in·

228 2247 372 2334 pelletur
388 2255 527 2323 censet,
550 2241 596 2310 itt
612 2245 691 2313 haee
712 2264 763 2316 est
777 2257 962 2324 communis
987 2265 1145 2346 omnium,

228 2373 262 2428 et
290 2360 354 2425 hoc
377 2357 495 2441 pariter
511 2377 623 2426 omnes
647 2380 813 2449 spectant,
828 2385 873 2434 ut
892 2389 988 2441 suum
1012 2383 1142 2463 opused

227 2470 464 2562 plurimorum,
488 2475 597 2557 quoad
612 2476 682 2561 ejus
700 2479 768 2546 fieri
785 2485 913 2570 possit,
934 2494 1145 2576 cognitionem

227 2591 415 2677 perueninte
437 2603 494 2656 eut
515 2590 580 2657 nisi
596 2591 661 2660 hoe
676 2577 934 2688 consequantur,
956 2625 1043 2678 certe
1058 2630 1093 2681 ut
1107 2617 1144 2683 ab

228 2709 294 2794 iis,
317 2709 513 2790 adquorum
533 2708 755 2793 cognitionem
768 2733 852 2799 opus
876 2728 1074 2811 pervenerit,
1092 2732 1145 2796 eii·

228 2837 325 2911 'quam
353 2824 484 2910 gretiam
510 2825 636 2893 ineante
669 2827 733 2896 nisi
759 2832 842 2918 hoc,
872 2851 906 2902 tt
931 2855 970 2905 ut
993 2842 1142 2932 ipsicius

228 2952 377 3007 suctores
393 2938 568 3006 hebesntur
584 2957 621 3006 ec
640 2939 800 3013 feranture
816 2947 848 3014 si
866 2965 907 3016 ne
923 2941 986 3019 hoc
1002 2956 1144 3044 quidem,

227 3055 341 3124 sutem
360 3073 400 3120 ne
421 3053 504 3120 elius
533 3069 649 3122 auctor
667 3057 841 3130 habeatur:
863 3065 915 3132 sin
935 3071 1067 3154 denique
1087 3075 1144 3143 irre

225 3170 303 3236 item
318 3165 515 3234 frustrentur
534 3184 613 3252 spe,
635 3185 668 3237 st
684 3185 849 3254 postremo
868 3196 905 3246 ut
923 3183 952 3250 is
972 3184 1051 3252 eiius
1067 3190 1145 3257 ulio·

225 3265 298 3349 ium
321 3281 605 3367 opinionesucror
630 3283 775 3372 feretur,
796 3311 864 3362 non
889 3296 961 3382 ipse
984 3318 1019 3368 se
1036 3304 1143 3374 inseri·

224 3404 283 3470 bat
305 3405 419 3490 operi,
442 3405 549 3475 minus
573 3411 666 3478 etism
686 3429 722 3479 ur
739 3417 886 3489 meliores
907 3425 1015 3509 operis
1040 3443 1140 3512 partes

222 3519 290 3614 sibi
307 3523 449 3590 vindicet
466 3545 502 3592 rc
528 3527 692 3613 venditet,
715 3534 889 3604 deteriores
910 3543 1138 3611 auctori-relin-

224 3651 327 3719 quat,
350 3639 506 3724 objiciet,
524 3645 707 3728 exprobret.
749 3651 848 3741 Quod
864 3655 892 3722 si
908 3657 1057 3744 sepiens,
1074 3659 1138 3728 vul·

222 3753 257 3840 gi
281 3753 404 3820 nudem
432 3759 718 3848 cognitionemque
741 3787 918 3856 spernens,
940 3795 1026 3843 certe
1047 3778 1138 3846 inre·

222 3871 292 3952 bus
313 3869 571 3946 indifferentibus
598 3899 747 3971 ponens,
769 3903 802 3959 et
824 3890 904 3962 suris
925 3893 1045 3965 hebens
1065 3897 1136 3964 bene

220 3995 229 4014 s
1090 4009 1132 4077 f&
1212 4029 1213 4040 ι
