2348 4716
184 303 369 384 nmos.
393 301 501 380 cort
523 274 747 383 trimus.
899 297 959 400 ις·

46 517 99 587 si,
126 499 260 588 siiustis
287 495 452 565 laudibus
482 496 624 564 exornari
652 487 787 578 debent,
815 494 945 564 dicendi

47 639 144 708 pmcne
158 635 233 701 opus
258 616 302 684 sit
321 615 447 682 eximio
470 613 606 698 quodam
634 627 671 679 tc
700 627 799 696 psene
818 613 942 683 divino.

48 739 152 805 fficcm
175 735 242 802 cuim
267 752 329 802 mo
354 747 706 800 rnrtosonntss
731 749 824 800 cunt
845 707 957 802 ιιι(

52 865 351 920 esuriturus
374 863 603 917 stntsnts
629 863 950 938 conjunct-ro·

59 983 134 1034 ιιι.
172 965 255 1050 (iure
278 965 311 1032 si
346 965 453 1034 minus
478 965 602 1032 erudire
628 965 803 1047 minusque
825 967 952 1051 elegan-

68 1081 208 1149 tctcircro
227 1093 328 1164 quam
352 1083 402 1147 vei
426 1099 486 1164 pro
514 1079 642 1146 Vestris
668 1080 805 1166 ingeniis
831 1081 882 1146 vel
906 1075 953 1145 rei

69 1195 149 1280 nana
167 1197 334 1281 puritate,
358 1195 421 1262 hoc
446 1214 464 1261 a
490 1191 595 1262 Vobis
619 1197 715 1277 peto,
749 1207 786 1260 ut
814 1194 954 1261 orrtocis

63 1311 163 1392 ὼ
183 1331 263 1378 smc
279 1311 424 1380 officium
441 1327 473 1378 ct
488 1311 708 1395 praestantiam
728 1330 769 1378 ne
790 1311 951 1396 exigatis,

55 1431 98 1492 sei
116 1431 357 1496 mediocritatem
386 1441 418 1494 et
441 1427 608 1496 infantiam
636 1441 735 1496 meam
771 1429 864 1512 acqui
893 1429 955 1496 bo·

52 1542 136 1624 nique
152 1544 345 1612 consuistis.
508 1617 510 1622 ³
604 1619 610 1626 ,

87 1659 133 1724 Ac
156 1657 366 1744 Philosophia
385 1655 537 1742 quidem,
559 1671 640 1742 quse
658 1670 744 1728 tecte
759 1658 799 1729 ab
816 1659 960 1744 antiquis

54 1786 146 1839 rmum
168 1775 348 1842 divinarum
377 1789 412 1839 ct
435 1773 645 1840 humanarum
672 1775 808 1841 scientia
833 1773 964 1840 definies

59 1902 121 1970 cst,
138 1905 165 1956 ct
177 1889 317 1974 ipsarum
337 1907 466 1972 rerum,
489 1907 621 1973 qustum
645 1889 813 1958 scientiam
832 1891 967 1976 pollice·

55 2020 120 2088 tur,
144 2006 407 2095 magnificentia,
440 1997 648 2076 et'utilitctis
676 2009 873 2076 abundantis
896 2009 969 2076 reli·

58 2123 127 2202 quis
143 2125 291 2192 omnibus
318 2121 477 2190 doctrinis
500 2123 578 2190 adeo
605 2133 769 2206 praestat,
802 2137 838 2188 ut
866 2121 968 2208 major

60 2256 223 2323 mutuae
238 2261 351 2327 neque
373 2242 570 2330 cogitatione
595 2241 702 2330 effingi
718 2243 836 2328 possit.
879 2241 968 2311 Haec

57 2355 152 2440 enim,
170 2380 240 2428 com
264 2372 299 2426 et
325 2376 389 2428 nos
416 2359 531 2444 ipsos,
562 2373 595 2426 ot
620 2359 718 2444 hujus
747 2362 888 2430 universi
911 2379 969 2432 na·

59 2487 173 2557 turam,
201 2491 235 2544 et
268 2475 421 2564 omnium
454 2492 557 2544 rerum
586 2493 746 2546 auctorem
779 2480 886 2548 Deum
913 2501 971 2548 co·

60 2607 193 2674 noune
207 2613 273 2662 nos
287 2573 424 2674 doceat,
446 2591 588 2662 veritatis
604 2614 640 2661 ac
658 2595 792 2664 virtutis
808 2613 858 2665 est
871 2597 974 2684 magi·

62 2729 132 2795 atn,
157 2730 332 2795 crromm,
373 2710 644 2794 superstitionum
674 2732 710 2781 ac
735 2713 889 2782 vitiorum
920 2731 976 2785 ex·

65 2829 190 2913 puluis,
213 2827 390 2898 hominum
417 2825 542 2910 ingenia
566 2829 605 2894 td
633 2827 859 2896 inveniendum
878 2845 909 2895 et
926 2823 976 2894 di·

65 2945 250 3030 iudicandum
279 2929 395 3012 verum
419 2941 528 3025 acuit,
560 2943 697 3024 denique
720 2961 794 3025 tes,
817 2961 899 3026 quae
918 2962 978 3042 co..

69 3063 142 3145 giuti
161 3075 335 3148 possunt,
360 3056 506 3142 singulas
531 3073 628 3140 utque
650 3033 823 3124 universos*
836 3071 896 3122 sua
912 3069 978 3122 ma·

72 3180 213 3263 pindos
245 3174 506 3259 complectitur,
546 3191 669 3256 susque
702 3173 735 3239 vi
766 3186 977 3256 pervagatur,

72 3309 98 3360 u
114 3297 172 3365 sinc
191 3298 267 3382 ejus
296 3289 453 3358 subsidio
479 3287 512 3357 in
537 3291 626 3357 nulia
655 3289 828 3371 disciplina
849 3303 980 3372 magno·

78 3427 128 3490 pue
146 3413 215 3497 quis
244 3408 417 3498 proficere
441 3405 560 3490 possit.
614 3401 678 3472 Sed
700 3405 776 3471 huic
800 3417 864 3491 tam
890 3423 983 3490 prae·

82 3525 149 3594 dene
173 3527 355 3598 doctrinae
387 3535 511 3586 tantum
545 3519 635 3584 abest
672 3533 707 3582 ut
742 3533 820 3584 suus
855 3533 982 3601 semper

86 3639 175 3714 iabiu
190 3651 234 3716 sit
263 3645 413 3716 bonos,
441 3650 478 3703 ut
502 3636 615 3720 potius
639 3637 728 3703 nulla
752 3653 849 3704 aetate
873 3634 984 3703 defue-

78 3761 139 3850 r'ffli,
160 3769 203 3852 rui
227 3781 311 3833 enm
343 3769 517 3840 vexarent,
548 3754 744 3838 deriderent,
773 3755 982 3841 exagitarent.

915 3867 986 3946 Cilo
