2562 4708
267 265 341 361 sti
394 277 569 356 onemo
589 277 650 352 on
671 275 721 347 vr
740 273 804 348 nr
825 265 1065 350 ermenone

272 489 327 543 eae
349 471 598 561 gubernatores,
619 483 756 537 vestram
776 469 976 550 prudentiam
996 463 1217 551 sequanturi'

270 591 375 672 faxit,
396 605 508 658 omnes
534 586 651 672 patriae
673 602 780 669 partes
802 599 866 650 ram
881 584 967 652 'bene
988 583 1197 653 confirmatae

212 782 215 787 ,
270 707 363 787 sint,
385 713 479 789 quem
501 703 579 769 bene
607 719 696 768 nune
719 701 918 768 Athenaeum
938 713 1086 772 nostrum
1105 700 1197 768 iilius

125 801 135 816 ⁸
270 821 335 887 uiri
353 817 537 886 accessione
550 813 962 906 confirmatum-laetamuri
984 816 1100 900 «ligo,
1121 817 1196 884 sive

272 942 352 1028 quid
386 943 420 1006 in
452 957 501 1006 me
534 936 773 1022 Philosophiam
802 937 938 1005 docente
962 935 1191 1020 desiderastis,

178 1133 183 1151 ι
271 1057 335 1123 noc
353 1054 489 1122 Litteris
504 1053 658 1120 docendis
677 1051 917 1136 compensab03
942 1052 1010 1119 sive
1029 1052 1076 1120 nil
1092 1053 1126 1120 in
1145 1071 1200 1123 me

270 1170 461 1240 desiderauit
478 1182 583 1236 vestra
600 1167 783 1235 humanitas
796 1179 828 1232 et
844 1163 1060 1250 induigentia,
1085 1183 1120 1234 ut
1130 1167 1198 1238 hoc

133 1293 137 1302 ’
270 1287 353 1357 milri
371 1285 569 1354 conservetis
592 1285 749 1369 judicium
768 1279 1026 1369 operamdalro,
1047 1285 1204 1368 exemplo¹

271 1403 476 1470 decessorum
495 1417 759 1481 meorum,·cum
779 1399 1002 1483 reliquorum,
1024 1411 1093 1466 tum
1117 1417 1197 1480 pro·
1260 1411 1261 1416 ’

270 1517 454 1594 xim'ornm,
474 1513 558 1582 Petri
576 1513 748 1581 Burmanni
764 1511 930 1595 Secundi,
952 1511 1047 1596 cnjus
1063 1511 1194 1580 obitum

269 1631 414 1698 nondum
439 1628 620 1710 cinximus,
648 1603 878 1696 etlflermmm
899 1624 1039 1716 Tullii,
1058 1643 1076 1692 e
1094 1626 1205 1714 cujus·

268 1742 415 1812 discessu
439 1752 633 1826 praesentem
649 1743 752 1810 adhuc
774 1743 956 1812 molestiam
974 1743 1172 1830 percipimus
1183 1759 1201 1808 t-

268 1853 385 1922 norum
411 1855 510 1942 igitur
537 1859 705 1940 exemplo,
736 1857 910 1940 disciplina
936 1862 1004 1924 mei
1027 1857 1075 1924 ita
1102 1856 1200 1924 insti·

210 1977 212 1984 ’
270 1974 412 2053 mendi,
440 1987 497 2052 ut,
526 1974 632 2055 quoad
657 1972 728 2050 ejus
754 1971 828 2036 lieri.
847 1985 980 2055 potest,
1009 1973 1071 2038 viri
1096 1991 1135 2042 cx
1157 1975 1203 2042 ei·

267 2089 426 2171 prodeant
450 2073 604 2153 Vestrum
632 2085 813 2170 simillimi,
836 2085 901 2153 nisi
924 2087 1133 2171 honoribus,
1160 2105 1204 2158 at·

268 2203 443 2286 prudentii
465 2202 498 2268 in
525 2202 622 2270 rebus
647 2201 927 2286 administrandis,
950 2217 982 2270 ct
1004 2203 1200 2272 fortitudine

268 2315 306 2388 iu
327 2318 430 2402 patrii
449 2317 658 2391 defendendi.

276 2479 287 2492 „
307 2433 378 2519 Jam
395 2433 597 2516 Vobiscum,
620 2433 803 2502 Clarissimi
823 2433 995 2518 Collegae,
1019 2449 1117 2515 quum
1136 2449 1198 2500 an·
1260 2529 1261 2532 Ἴ

270 2539 327 2622 teu·
337 2572 387 2620 me
407 2555 567 2622 sociarent
585 2566 695 2621 mutua
709 2554 837 2640 collegii
851 2545 883 2620 e'r
897 2553 1055 2620 amicitiae
1069 2551 1198 2635 officia,

270 2687 372 2751 eaqtte
388 2685 476 2738 tanta
499 2686 619 2755 quante
646 2671 782 2737 maxima
806 2685 839 2738 et
857 2681 934 2736 sunt
958 2680 990 2737 et
1014 2669 1197 2754 habentur,

269 2797 402 2866 tamen,
424 2785 620 2870 nescioquo
639 2787 760 2868 modo,
783 2801 889 2853 nouus
907 2789 1037 2868 quidam
1053 2786 1201 2854 animum

269 2926 375 2974 meum
394 2927 508 2976 sensus
522 2921 724 3003 pertentans,
747 2907 884 2992 propius
897 2925 947 2974 me
963 2905 1069 2974 Vobis
1084 2905 1202 2990 adjun-

269 3027 318 3112 git
341 3044 372 3092 et
398 3027 561 3098 conciliat.
618 3027 705 3094 Huic
731 3043 791 3110 ego
818 3025 930 3094 sensui
952 3026 1114 3104 obsequar
1127 3003 1217 3089 stu·¹¹

269 3147 348 3225 tiio,
371 3144 599 3227 observantis,
622 3143 761 3227 pietates
805 3141 876 3209 Vos
903 3141 954 3222 el,
979 3157 1120 3221 quaeso,
1144 3159 1196 3206 re·

268 3261 457 3342 spondeatis
474 3256 605 3340 favore,
627 3247 868 3336 benivolentia,
891 3253 1102 3338 induigentia.
1146 3255 1197 3322 Et

269 3369 358 3439 uTe
385 3372 540 3456 quidem,
563 3372 677 3454 Tolli,
699 3372 760 3438 Vir
782 3369 992 3451 Clarissime,
1013 3368 1197 3452 depositam

268 3486 467 3568 provinciam
493 3489 536 3553 ita
558 3503 589 3552 ct
606 3485 752 3568 suscipio
769 3499 801 3552 et
819 3486 969 3568 suscepi,
991 3499 1030 3550 ut
1053 3484 1120 3584 tuis
1146 3488 1201 3554 ln·

212 3652 216 3664 .
269 3603 389 3668 sistens
408 3603 553 3688 vestigiis
566 3601 745 3684 discipulos
762 3617 893 3672 nostros
907 3602 947 3669 ad
962 3619 1031 3669 tem
1050 3589 1199 3672 Littera·

266 3737 337 3788 rum
353 3721 570 3792 coemtionem
590 3721 728 3803 ducam,
750 3740 807 3806 per
829 3731 925 3804 quam
949 3719 1028 3790 fiant
1045 3722 1139 3790 iidem
1161 3739 1196 3790 er

262 3849 371 3906 rerum
395 3836 510 3923 periti,
532 3851 564 3906 et
588 3837 666 3907 boni
690 3841 801 3926 ciues,
831 3853 864 3910 et
891 3839 1013 3930 pamiae
1039 3837 1190 3907 defenso»

257 3975 260 3986 '
1137 3969 1205 4026 test
