2438 4718
146 347 417 426 asurnscnr
435 345 704 420 nonnamsr.
727 345 808 422 von
822 353 851 424 1.
901 351 975 448 ιιι·

39 543 87 614 nil
110 542 223 611 sanius
242 536 472 625 integriusque
486 535 668 618 adferrent,
691 538 825 605 retinere
849 542 969 628 maloi,'

35 675 135 744 quam
155 672 254 728 vetus
273 655 429 723 Aidioum
447 656 566 720 vulnus
583 656 688 721 denuo
707 657 839 738 aperire.
884 659 970 726 Reli.

34 793 136 860 quam
149 789 281 846 omnem
301 771 448 838 lectionis
462 768 667 854 varietatem,
681 771 798 852 partim
815 771 849 839 in
859 775 972 840 Anim-

30 887 292 956 adversionibus
318 883 586 965 memorabimus3
615 883 731 967 partim
757 885 790 951 in
813 883 970 968 peculiari

24 1001 152 1070 Indice
166 999 408 1066 exhibebimus:
420 995 530 1080 'quam
550 997 577 1063 si
598 997 672 1078 quis
688 997 835 1065 adhibeat
849 1001 968 1066 Anno-

19 1115 221 1186 tationibus
247 1113 411 1180 contextui
434 1114 610 1198 subjectis,
632 1115 662 1182 is
687 1115 732 1181 nil
756 1117 908 1183 desideret
924 1116 966 1182 ad

18 1253 101 1301 earn
135 1250 229 1316 quam
248 1243 368 1298 vocant
393 1228 622 1314 Genealogiam
650 1246 845 1314 contextus,
875 1233 961 1315 sive,

18 1355 60 1418 ad
110 1351 240 1434 plenam
270 1347 459 1432 justamque
496 1345 716 1430 cognitionem
748 1348 965 1418 mutationum

18 1465 151 1552 quovis
169 1465 245 1532 loco
264 1464 304 1529 ab
322 1463 502 1530 editoribus
523 1463 672 1548 deinceps
687 1461 860 1533 factarum.

61 1583 189 1651 Tertia
214 1573 361 1658 materiae
389 1599 464 1664 pars
486 1593 536 1646 est
565 1577 791 1663 Interpretatio
817 1580 965 1668 Latina,

21 1717 108 1784 quae
129 1700 237 1784 vulgo
257 1697 377 1764 dieitur
392 1697 517 1764 Verrio.
559 1697 669 1785 Quae,
687 1713 724 1765 ut
743 1701 855 1766 abesse
870 1701 965 1769 debet

21 1815 60 1880 ab
75 1813 243 1898 exemplis
259 1811 299 1878 ad
307 1811 493 1878 scholarum
510 1829 547 1878 ae
566 1811 707 1878 tironum
724 1809 964 1885 institutionem

22 1931 153 2013 editis,
185 1947 245 1996 nee
272 1927 470 1995 desideratur
500 1927 540 1994 ab
568 1927 608 1994 iis
632 1929 689 2011 qui
717 1927 839 1998 Graeca
864 1949 963 2015 aeque

18 2045 204 2114 commode
219 2041 408 2128 intelligunt
420 2060 456 2108 ae
473 2039 613 2124 Latina,
635 2043 680 2109 ita
695 2045 801 2112 omitti
819 2065 960 2130 nonpo⁴

18 2173 108 2229 terat
134 2160 171 2226 in
197 2170 311 2226 nostra
335 2155 511 2238 Editlone,
543 2157 664 2241 quippe
694 2135 734 2224 a'd
756 2175 958 2228 communem

17 2275 184 2345 omniurn
198 2291 293 2340 usum
311 2271 491 2352 destinata,
514 2289 653 2354 quorum
681 2273 775 2357 longe
799 2273 957 2342 maximus

15 2408 191 2459 numerus
206 2405 243 2457 ex
267 2387 373 2456 medio
390 2389 528 2472 quodam
548 2405 660 2475 genere
675 2405 748 2472 est,
771 2391 825 2456 cui
840 2390 958 2462 versio

19 2523 47 2575 et
80 2505 345 2594 granetarius
370 2505 427 2573 sit.
480 2505 545 2574 Sed
570 2505 739 2574 Versionis
765 2508 882 2592 triplex
908 2525 959 2578 est

19 2625 188 2694 odie-ium.
233 2621 374 2690 Primum
393 2637 463 2708 est,
484 2623 703 2704 utalaam,
725 2643 784 2690 nec
803 2627 890 2693 aliud
908 2627 959 2692 lo·

22 2755 150 2822 quatur
167 2751 268 2820 atque
282 2737 419 2807 Auctor.
464 2740 630 2822 Alterum,
653 2758 690 2806 ut
710 2740 753 2806 sit
765 2740 842 2806 bene
858 2739 959 2806 Lati·

21 2871 83 2924 aa.
132 2851 307 2937 Tertium,
337 2871 374 2922 ut
400 2855 556 2922 Auctoris
582 2854 770 2922 sententiam
793 2873 860 2921 non
886 2856 959 2920 uni·

22 2989 145 3054 verse,
170 2973 228 3038 aed
249 2971 415 3056 sigillatim
435 2986 467 3036 et
491 2983 639 3036 accurate
660 2971 791 3050 reddat,
822 2969 958 3053 ejusque

20 3090 258 3174 proprietatem
278 3089 312 3156 ln
338 3087 443 3156 verbis
467 3101 499 3153 et
524 3084 767 3153 constructione
781 3085 957 3169 exprimere

23 3205 124 3288 quod
142 3203 283 3272 odicium
300 3203 367 3272 fere
381 3205 550 3291 negligunt
574 3203 607 3272 in
630 3203 819 3288 vulgaribus
838 3205 959 3290 linguis

23 3313 140 3382 iactae
156 3315 353 3402 Versiones,
377 3335 459 3402 quse
478 3337 512 3387 se
527 3319 641 3402 potius
657 3318 844 3400 exemplaria
860 3333 957 3402 quam

25 3429 211 3518 imagines,
241 3435 333 3518 quod
357 3433 488 3510 barbare
516 3434 629 3500 dicunt
652 3431 833 3518 originalia
851 3435 960 3520 patius

29 3573 127 3636 quam
143 3551 277 3641 copiae,
300 3551 409 3618 haberi
425 3551 563 3620 volunta
584 3565 725 3617 attamen
739 3565 806 3614 eam
824 3548 888 3616 vim
907 3552 962 3618 ha·

28 3665 105 3752 bet,
121 3683 159 3736 ut
175 3689 215 3736 eo
231 3671 359 3736 demum
376 3667 507 3736 duobus
522 3667 686 3753 prioribus
702 3665 816 3732 officiis
832 3667 959 3751 addito,

29 3777 131 3854 bonae
146 3783 321 3852 versionis
347 3785 469 3852 numeri
486 3766 698 3869 expleantur.'
729 3781 812 3848 Nam
839 3799 869 3850 et
892 3787 961 3850 Λιι-

23 3909 151 3974 ttorem
181 3901 285 3972 talem
313 3899 464 3983 exbibet,
487 3901 592 3984 qualis
616 3915 686 3984 eat3
717 3898 745 3970 si
766 3900 906 3984 quidem·
919 3899 964 3962 ita

870 4011 874 4016 ’
902 4009 966 4078 La·
