2438 4718
234 283 314 391 ,atr
341 277 599 366 ueneratio
617 275 1081 374 numismatorum

1136 429 1141 460 Ι
1156 463 1159 471 ι

238 481 290 556 eit
306 479 456 563 materia,
479 475 514 547 in
530 489 594 560 qua
609 493 676 545 non
693 477 795 566 magis
814 476 896 550 ratio
914 487 950 550 et
964 484 1155 574 consilum,

240 617 336 686 quam
352 615 494 666 casurae
509 595 688 680 temeritas,
709 597 903 668 dominetur.
934 601 1021 672 Num
1038 623 1076 673 ut
1087 627 1159 676 eon.

238 711 371 797 e'edam,
401 715 568 782 innostra
584 729 655 780 esse
680 729 842 798 potestate
867 717 972 802 velle,
1003 721 1157 808 incipere,

238 831 410 923 progredi:
434 845 471 896 ut
488 830 551 895 hoc
567 829 701 910 addam,
723 829 884 898 dimidiam
901 851 973 900 esse
990 833 1070 902 faeti
1086 839 1155 906 bene

238 950 405 1035 coepisse:
430 961 624 1029 quamquam
650 945 766 1011 horum
787 945 834 1012 nii
849 963 916 1014 non
939 967 1088 1033 magnam
1107 953 1156 1019 dua

237 1063 427 1132 bitationem
442 1059 557 1125 habeta
574 1057 630 1124 sed
647 1071 684 1123 ut
701 1057 779 1125 baec
790 1057 851 1124 tibi
867 1065 1066 1145 concedam,
1088 1065 1155 1148 quid

238 1183 326 1250 dices
350 1181 389 1246 de
417 1175 601 1242 constantia
619 1175 653 1241 in
672 1173 883 1256 perpetuitate
899 1175 1044 1242 laboris?
1068 1176 1155 1244 Utin
1198 1211 1199 1220 ι

240 1297 342 1379 longo
358 1305 389 1358 et
412 1289 478 1358 fere
496 1287 625 1356 infinito
643 1309 760 1374 opere,
783 1309 851 1356 non
870 1304 1000 1374 torpore
1018 1295 1157 1376 rapiatur

236 1403 424 1490 ingenium,
444 1419 511 1471 non
528 1403 653 1470 animus
682 1403 846 1488 satietate,
869 1425 937 1473 uon
955 1422 1041 1490 eaput
1058 1409 1153 1476 verti·

238 1528 332 1616 gine,
350 1527 441 1594 oculi
461 1523 620 1610 caligine,
644 1543 757 1592 manus
777 1545 815 1592 ae
834 1540 940 1591 totum
965 1545 1075 1612 corpus
1088 1528 1145 1594 las
1199 1589 1200 1594 ,

144 1669 154 1682 ·
235 1646 397 1729 situdine;
429 1661 592 1727 quorum,
623 1655 655 1708 et
682 1645 774 1726 plura
803 1661 1045 1730 nonnumquam
1062 1645 1148 1715 simui

236 1767 445 1848 occidunt‚et
460 1759 489 1829 si
504 1759 555 1828 vel
567 1777 665 1828 unum
686 1759 857 1844 acciderit,
870 1757 1037 1846 perfectus
1048 1763 1154 1832 laboris

236 1877 366 1951 fruetus
385 1893 533 1948 constare
549 1879 682 1962 nequitt
694 1891 817 1962 pomo,
837 1892 872 1943 ut
889 1877 923 1944 in
940 1879 1083 1964 legendis
1093 1879 1154 1948 aliis

235 1997 439 2069 Auctoribus
456 1995 562 2063 omnia
576 1995 805 2063 animadvertas
823 1997 1000 2083 conjuncta
1017 2017 1151 2066 cumtuo

233 2119 402 2195 Auctore,
424 2114 590 2198 huiusque
615 2113 676 2178 tibi
693 2113 759 2180 loci
776 2127 904 2196 praesto
918 2115 1009 2198 sint,
1031 2135 1072 2183 ne
1087 2113 1154 2200 quid

238 2247 459 2316 opportunum
477 2227 734 2311 praetermittas,
758 2243 794 2295 ut
819 2229 1039 2300 attentionem
1055 2235 1154 2303 hebes·

236 2363 311 2429 eat,
334 2345 497 2412 festinatio
514 2343 615 2412 studii
627 2343 674 2412 nil
690 2357 885 2430 praetereat,
907 2349 997 2414 oculi
1013 2351 1061 2418 nil
1076 2367 1154 2436 praes
1201 2342 1202 2366 *

141 2553 142 2558 Ἰ
237 2475 286 2533 ter
306 2461 456 2543 videant,
487 2476 602 2527 manus
621 2479 716 2527 suum
735 2479 862 2555 semper
880 2463 1020 2534 officium
1044 2465 1153 2536 saciata

235 2573 276 2650 u't
297 2577 513 2647 intermissum
533 2595 619 2660 opus
637 2594 808 2663 repetens,
834 2599 901 2664 quo
918 2581 1047 2652 desiisti
1062 2586 1153 2667 loeo,

237 2713 375 2785 pergas,
404 2713 465 2761 nee
497 2693 664 2777 sequentia
691 2711 879 2779 occupans,
909 2701 1154 2768 antecedentium

236 2831 363 2904 partem
377 2827 508 2878 vatnam
522 2823 555 2874 et
569 2809 719 2877 intactam
737 2810 918 2893 relinquare
937 2813 1016 2880 haec
1028 2829 1077 2882 tot
1087 2829 1153 2881 tan·

236 2931 336 3012 taque
354 2931 428 3012 quis
446 2927 570 2994 tandem
591 2927 736 2994 mortalis
752 2941 909 3010 praestare
920 2929 1054 3011 potest?
1065 2928 1155 3012 quip-

236 3063 279 3133 pe
296 3065 377 3131 quae
398 3063 484 3113 ettra
510 3056 654 3112 nostram
672 3037 865 3127 potestatem
884 3045 969 3128 sita,
990 3049 1038 3113 tel
1055 3063 1073 3115 r
1089 3043 1155 3112 fur¹

238 3179 336 3235 tunae
352 3164 527 3234 temeritate
543 3163 593 3230 rel
617 3183 634 3230 a
654 3173 785 3229 naturae
798 3161 985 3230 infirmitate
1004 3163 1151 3230 existunt,

235 3276 281 3352 iit
301 3285 448 3368 quamvis
465 3281 586 3364 multa,
609 3295 714 3345 tamen
738 3297 778 3345 ert
803 3279 1028 3348 innumerabili
1049 3297 1151 3348 notum

236 3401 444 3470 multitudine
466 3417 534 3467 nou
549 3398 613 3465 nisi
633 3411 736 3481 pauet
754 3395 945 3465 memoravi!
978 3397 1069 3467 Plato
1085 3397 1152 3482 (*)

235 3517 334 3585 animi
360 3529 503 3584 naturam
533 3513 731 3598 comparavit
757 3513 867 3581 currui
890 3515 1008 3600 juncto
1033 3513 1154 3582 duobus

234 3624 350 3719 equis,
366 3635 563 3720 gubernante
576 3632 703 3718 aurigar
719 3633 861 3719 aurigam
877 3629 956 3700 fecit
970 3641 1056 3716 raia,
1070 3649 1149 3696 men·

269 3765 275 3776 ·
1072 3757 1156 3825 rtur,-

267 3907 560 4005 (⁴)1ni’haedro,
584 3937 616 4000 p.
633 3933 709 4000 344,
729 3913 770 3996 E·
