2508 4712
199 401 333 473 VITA
367 403 412 479 D.
449 401 788 482 RUHNKENII.
894 411 970 484 661·

30 595 87 662 illa
105 591 251 660 Historia
263 589 446 673 recensuit,
471 590 603 658 suntad
619 593 875 680 qulnquaginta,
891 595 956 666 sin.

32 707 100 791 guli
127 723 184 789 per
205 705 349 790 singulas
365 703 626 786 disputationes,
652 709 802 788 quamvis
819 709 954 793 breves,

31 836 140 886 tamen
163 819 231 886 suis
251 818 392 886 numeris
415 819 601 904 absolutas,
623 822 788 908 descripti,
835 827 964 894 Harum‘

27 953 128 1001 unam
156 937 339 1002 nominasse
364 933 443 1000 satis
473 935 538 1016 sit,
569 953 636 1002 etna
667 938 706 1002 de
730 935 896 1005 Andocide
924 953 963 1005 et·

26 1051 195 1132 Plraeace,
208 1051 241 1116 in
257 1031 681 1134 quadispotatur‘adversus
692 1053 746 1136 Jo.
758 1044 960 1136 TayrorumJ

26 1168 96 1234 liic
117 1162 278 1234 Andocidi
305 1165 492 1234 Orationem
513 1167 665 1235 adversus
684 1169 881 1237 Alcibiadem
898 1170 959 1239 aba·

22 1278 196 1363 judicare,
217 1277 416 1361 Phaeacique
440 1280 623 1364 adjudicare
639 1294 777 1348 conatus
798 1297 863 1349 erat
881 1296 951 1352 tan·

24 1397 72 1464 tls
108 1396 227 1481 ingenii
251 1395 483 1477 doctrinaeque
510 1395 663 1464 adhibitis
695 1398 886 1482 praesidiis,
919 1415 956 1469 ut

23 1516 222 1584 sententiam
253 1514 500 1582 Hemsterhusio
535 1517 704 1600 probarett
736 1517 952 1590 Ruhnktnius

22 1651 101 1699 non
131 1631 257 1697 minore
280 1631 409 1715 ingenio
437 1631 674 1715 doctrinaque,
710 1637 828 1719 maiore
860 1630 953 1706 etiam

21 1741 185 1813 acumine
209 1757 241 1810 et
267 1743 469 1828 subtilitate,
490 1745 630 1813 rationes
648 1745 783 1831 Taylori
805 1751 956 1820 confutai·¹

22 1861 109 1940 vit,
132 1871 170 1924 ut
184 1857 404 1926 assentientem
422 1859 548 1926 haberet
563 1859 832 1943 Valckenarium,
854 1879 885 1929 et
899 1867 954 1954 lra-

20 1976 165 2040 biturus
189 1974 284 2040 etiarn
314 1971 432 2038 fuisset
458 1971 760 2056 Hemsterhusiunr,
788 1977 817 2042 sl
844 1977 873 2044 is
899 1979 953 2044 ad·

20 2093 98 2158 lruc
118 2088 266 2155 vixisset.
313 2087 402 2170 Ergo
423 2099 454 2152 et
476 2087 508 2153 in
534 2087 597 2154 hoc
624 2087 840 2158 Ruhnkenius
865 2093 956 2174 prin·

17 2223 110 2288 ceps
129 2203 253 2270 exstitit
271 2201 487 2268 doctrinarum
514 2220 647 2288 genere,
669 2205 760 2287 quod
785 2223 885 2273 unum
904 2221 955 2284 est

20 2325 60 2390 ad
80 2319 210 2404 ingenii
226 2317 370 2385 fructum
389 2333 420 2384 et
435 2319 633 2404 cognitionis
653 2321 843 2392 suavitatem
863 2323 957 2392 uber·

17 2440 168 2504 rimumr
195 2433 377 2504 Historiam
401 2433 594 2506 Literarum
614 2439 709 2522 dico,
740 2457 822 2523 quae
839 2441 885 2539 ¹in
908 2462 960 2510 re-

21 2557 92 2622 bus
109 2567 143 2618 et
165 2552 258 2618 libris
276 2550 429 2620 Veterum
447 2551 649 2638 Scriptorum
671 2555 873 2622 recensendis
887 2555 959 2622 uer'·

24 2683 141 2740 satur.
184 2665 223 2733 ln
245 2667 327 2733 hanc
345 2686 445 2749 quum
460 2670 501 2734 ab
521 2670 609 2735 omni
630 2685 774 2752 ternpore
795 2675 888 2744 multi
906 2674 958 2741 in·

20 2789 214 2861 volaverint
246 2789 495 2872 compilatores,
522 2791 580 2872 qui
610 2808 678 2857 non
709 2793 891 2864 dubitarent
919 2799 960 2865 de

22 2904 258 2990 scriptoribus
284 2903 420 2988 garrire,
450 2923 588 2988 quorum
617 2907 738 2989 scripta
768 2926 836 2976 non
860 2912 959 2996 legis·

18 3037 123 3104 sent;
149 3019 339 3104 paucissimi
359 3017 512 3101 fuerunt,
535 3020 592 3105 qui
615 3037 681 3086 eam
706 3039 780 3089 curn
805 3026 957 3109 propriae

19 3137 199 3207 doctrinae
217 3133 324 3219 copiis
348 3150 381 3202 et
406 3133 560 3202 facultate
580 3152 759 3206 tractarent.
804 3140 956 3229 Quorum

16 3265 39 3327 ὲ
65 3273 205 3324 numero
222 3255 386 3340 principes
406 3256 556 3324 censendi
572 3273 650 3328 sunt
669 3275 819 3344 quatuor.
848 3263 954 3349 Nam,

14 3390 61 3450 ut
83 3369 144 3456 Jo.
169 3351 336 3450 Me'ursius
360 3370 483 3462 priores
510 3393 622 3455 omnes
637 3377 836 3462 diligentiae
862 3383 955 3448 laude

20 3484 225 3572 superavit,
257 3485 300 3552 ita
327 3505 402 3552 mox
427 3489 501 3572 plus
524 3491 690 3574 aliquanto
706 3494 823 3580 judicii
847 3497 958 3566 attulit

18 3605 77 3672 G.
100 3601 158 3688 Jo.
184 3599 349 3671 Vossius:
371 3603 446 3686 plus
470 3604 562 3674 etiam
583 3609 638 3692 Jo.
661 3608 819 3694 Jonsius,
843 3633 954 3684 ornnes

15 3737 57 3800 et
80 3719 218 3803 majores
240 3733 273 3785 et
290 3720 429 3792 minores
449 3739 681 3807 superaturus,
705 3725 734 3791 si
752 3731 818 3794 uita
835 3729 862 3794 ei
885 3733 959 3800 ion.

17 3836 106 3920 gior
128 3834 321 3922 obtigisset:
334 3837 472 3920 denique
487 3840 616 3918 illorum
632 3845 743 3926 coplas
761 3847 832 3914 suis
848 3853 958 3933 aurit,

24 3965 208 4046 totamque
241 3955 401 4037 materiam
426 3954 607 4044 explicuit,
638 3959 762 4045 duplici
786 3963 959 4053 inprimis

502 4071 607 4172 Τις
885 4099 963 4178 cpe·
