2506 4712
257 319 317 402 ‚aa
412 303 550 375 utra
590 304 636 378 n.
679 299 1029 384 nuuutnutt·

260 497 338 566 riam
357 493 603 574 Universalem,
624 491 771 560 tenebata
796 511 846 558 res
866 507 973 576 gestas
989 492 1026 560 in
1039 494 1129 588 editis
1147 499 1197 563 li·

263 607 333 675 bris
348 608 491 674 nondum
517 606 684 688 proditas,
708 603 851 688 gentium
871 606 1050 675 illustrium
1077 629 1199 694 mgna-

262 724 394 804 tiones,
416 720 605 804 affinitates,
621 739 754 800 arcana,
767 718 811 786 ita
829 735 946 804 norat,
962 739 999 788 ut
1012 725 1115 808 pauci
1126 728 1200 807 qni·

267 840 332 924 bus
357 839 420 904 hoc
452 854 550 902 unum
581 853 631 902 est
658 837 815 904 studium.
860 837 1057 922 Caeterum,
1079 861 1113 908 et
1138 861 1203 908 me·

268 954 423 1031 moriam,
446 965 477 1016 et
503 967 582 1031 eas,
605 970 687 1033 quae
703 953 743 1017 ad
761 951 986 1019 inveniendum
1012 956 1202 1038 pertinent,

268 1067 385 1136 mentis
411 1063 604 1148 facultates,
630 1067 731 1150 magis
758 1087 820 1134 usu
839 1087 933 1151 quam
960 1087 1029 1138 arte
1050 1076 1204 1140 excolue-

268 1200 336 1250 rat:
360 1195 418 1263 et,
442 1182 471 1250 si
496 1181 573 1263 quid
597 1183 782 1250 adolescens
806 1186 963 1268 temporis
989 1187 1110 1254 tribuit
1129 1191 1207 1257 Phi·

271 1299 486 1382 losophorum
512 1297 883 1382 Mathematicorumque
911 1301 1055 1384 scholis,
1079 1324 1124 1370 cx
1151 1308 1206 1374 his

274 1435 341 1486 uon
358 1414 445 1496 ipsas
462 1431 511 1478 res
524 1431 560 1480 ac
579 1429 765 1497 praccepta,
780 1419 836 1482 sed
849 1416 1206 1502 intelligentiaequem.

257 1536 344 1612 ⁴dum
363 1533 506 1600 habitum
526 1534 565 1599 ad
592 1535 644 1600 via
663 1553 698 1600 ac
717 1533 841 1610 ratione
862 1535 1103 1621 disserendum,
1124 1539 1210 1605 reti·

274 1651 368 1732 nuit,
407 1650 558 1732 Cumque
577 1651 697 1716 multae
712 1647 779 1718 sint
797 1649 989 1718 inventrices
1006 1651 1207 1738 facultates,

272 1783 391 1849 oreque
415 1763 544 1831 duobus
568 1761 739 1850 genetibus
764 1763 957 1844 discretae,
972 1767 1079 1834 altero
1101 1773 1206 1852 rotia-

273 1882 345 1966 rtis,
368 1897 450 1962 quae
465 1879 590 1964 judicio
609 1898 645 1946 ac
672 1879 850 1946 subtilitate
865 1878 997 1961 nitens,
1021 1885 1128 1950 veluti
1142 1887 1207 1951 cal·

217 2023 220 2028 ·
273 1999 357 2066 culis
371 1996 627 2082 computandis,
652 1997 841 2082 pedetentim
858 1998 1084 2082 progreditur,
1105 2003 1206 2068 altero

273 2121 398 2202 ingenii
419 2117 541 2202 (γι),
564 2114 655 2196 quod
684 2113 795 2180 subito
822 2125 995 2196 movetur,
1028 2131 1061 2180 et
1079 2117 1112 2182 in
1135 2135 1204 2184 rem

276 2231 494 2318 inveniendam
522 2227 617 2310 quasi
638 2215 805 2312 repentino
827 2229 940 2293 volatu
963 2225 1083 2312 fcrtur3
1112 2245 1207 2314 repe·

273 2345 391 2408 tlemus
408 2343 639 2414 Ruhnkenium
662 2357 799 2426 utroque
817 2361 930 2440 genere
945 2347 1155 2428 excelluisse,
1171 2363 1207 2416 ut

276 2474 308 2526 et
327 2458 446 2542 ingenii
465 2456 618 2540 impetum
641 2461 764 2530 ratione
781 2472 926 2542 regeret,
949 2475 983 2525 et
998 2461 1132 2528 rationis
1145 2463 1207 2529 iter

276 2572 405 2659 ingenio
432 2573 632 2640 acceleraret.
677 2575 722 2639 Et
749 2576 878 2656 quando
896 2576 931 2644 iu
948 2575 1117 2646 delinienda
1134 2595 1206 2643 ma·

273 2686 441 2786 goitudlne
461 2703 566 2754 earum
593 2685 709 2755 virium
734 2687 858 2774 (γε),
883 2708 966 2770 quae
990 2691 1051 2758 sub
1078 2707 1199 2760 certam

276 2803 421 2886 numeri,
445 2819 631 2880 mensurae,
647 2801 839 2884 ponderisve
858 2819 970 2874 notam
985 2808 1203 2878 revocatinon

279 2935 445 3005 possunt,
467 2917 556 2986 nulla
579 2936 646 2986 nou
676 2919 828 2986 utendum
853 2933 904 2986 est
928 2921 1108 2991 declarandi
1130 2925 1205 3009 via,

282 3033 489 3104 adhibeamus
512 3033 603 3104 etiam
626 3035 778 3117 exempla.
822 3033 922 3114 Apud
946 3036 1112 3106 Platonem
1140 3041 1205 3108 duo

184 3201 187 3206 -
283 3167 361 3224 sunt
380 3151 552 3232 homines,
576 3165 607 3218 et
631 3167 691 3216 suo
706 3148 836 3216 nomine
851 3163 883 3214 et
901 3165 1088 3220 naturarum
1104 3153 1207 3222 diver-

283 3269 378 3340 sitate
394 3270 555 3356 insignes:
577 3269 657 3340 alter
671 3265 877 3350 Alcibiades,
901 3268 1014 3340 varius
1033 3287 1072 3343 ut
1086 3271 1131 3338 nil
1144 3291 1208 3342 mt-

1135 3387 1204 3468 gis,

316 3495 405 3578 (7¹)
420 3499 526 3562 Harum
542 3497 704 3562 facultatum
720 3495 957 3571 comparationem
968 3497 1079 3562 institut
1092 3498 1206 3562 initae

280 3611 372 3682 ceptis
393 3607 592 3688 Philosophiae
611 3607 760 3682 Logicae,
778 3601 812 3672 11
822 3647 832 3678 ,
854 3622 889 3682 1,
911 3622 956 3684 14.

316 3713 336 3794 (
346 3711 413 3795 72)
431 3716 601 3780 Conferatur
625 3729 718 3777 nostre
736 3714 889 3784 sententia,
919 3714 1033 3789 prodita
1052 3719 1082 3775 ln
1103 3717 1206 3776 Praela-

279 3823 358 3887 tionc
371 3823 406 3885 ad
424 3827 563 3891 Biulioth.
582 3825 655 3886 crit.
674 3823 742 3889 vol.
755 3823 811 3890 lli.
832 3823 906 3887 Part·
926 3823 954 3884 l.
980 3825 1101 3892 Preciae
1118 3843 1149 3902 p.
1162 3839 1201 3893 rt,

282 3920 372 4012 [uu.
391 3943 494 4008 supra,
512 3949 543 4012 r·
558 3929 646 4014 aaa]
