2348 4716
24 267 26 320 ¹
97 282 256 365 namu
275 273 570 362 moerenia.
589 274 654 348 aa
672 273 774 348 aaa
827 257 922 366 ase·

33 484 109 564 vait,
123 495 149 547 et
166 477 233 544 Vos
257 493 312 550 me
332 469 498 549 vicis'sim5
519 469 572 534 vel
593 465 707 534 favore
723 481 754 534 et
766 465 904 536 benivo-

37 601 112 680 latia,
123 597 163 662 ael
179 589 321 662 amicitia
337 601 370 652 et
384 582 619 663 familiaritate,
634 580 796 664 complexi
809 581 904 652 estis·

36 717 67 780 ll
84 711 150 794 qao'a
169 721 339 774 numerum
365 699 415 764 Te
440 713 571 780 quoque
593 693 777 778 nuperrime
800 711 907 762 acces·

41 831 112 908 sisse,
123 822 270 904 Walravi,
293 817 356 884 Via
371 813 580 893 Clarissima,
597 811 723 896 gaudeo
739 810 908 878 vehemens

43 959 118 1026 taque
127 943 221 1020 naor,
243 953 324 1004 cum
342 945 479 1017 propter
495 941 703 1012 praestantem
724 927 907 998 doctrimm

50 1077 117 1138 ram,
129 1071 176 1123 tam
196 1067 335 1141 propter
355 1049 513 1132 insignem
533 1044 629 1116 animi
646 1045 696 1110 tui
713 1045 908 1114 moderatio·

52 1193 102 1242 ua.
130 1173 314 1250 Enimvero,
346 1160 620 1250 Coniunctissirni
650 1159 742 1242 Viri,
773 1161 815 1228 ad
846 1159 908 1226 has

49 1305 108 1354 aras
120 1287 360 1364 noecssitudinea
377 1282 429 1348 lric
446 1280 513 1346 dies
533 1296 655 1349 novum
676 1276 777 1350 adfert
790 1277 905 1344 uincu-

45 1407 97 1486 lm,
112 1424 207 1474 aarum
226 1400 406 1488 officiunt,
427 1413 576 1465 sanetum
601 1395 686 1462 illud
710 1411 816 1476 neque
837 1413 910 1460 urn-

45 1540 101 1603 qun
115 1523 300 1592 nominare
324 1516 417 1600 quod
437 1513 566 1596 quidem
582 1531 643 1597 ego
660 1512 763 1578 colam
780 1529 909 1596 anrore,

46 1636 166 1720 cloquio,
195 1635 468 1714 observantiaque
499 1629 674 1698 Vestrum:
706 1627 801 1710 Vos,
838 1646 911 1711 pre·

50 1754 169 1834 tor‚iicn
189 1774 257 1840 erga
289 1770 342 1818 me
364 1747 517 1827 faciatis,
539 1744 726 1824 monendo,
747 1741 910 1825 favendo,

51 1869 267 1951 rmumicand03
303 1877 343 1930 ut
366 1875 398 1934 et
423 1856 602 1928 animorum
624 1866 812 1920 nostrorum
834 1871 911 1922 con-

48 1978 158 2061 junctione
177 1985 315 2052 scholae
343 1978 443 2068 hujus
464 1974 718 2040 emolumentum
737 1985 912 2055 augeatur,
999 2023 1002 2026 .

51 2107 74 2154 a
85 2093 176 2164 Saldae
190 2099 410 2180 emolumento
427 2084 604 2162 animorum
619 2085 812 2169 conjunctio
834 2103 914 2152 con·

56 2207 151 2280 maur.
171 2218 210 2284 lit
227 2208 492 2298 quandoquidem
517 2204 578 2272 hoc
596 2204 698 2290 tnagis
714 2223 747 2270 re
764 2223 801 2272 ac
817 2202 915 2274 factis

53 2339 114 2404 illu
131 2331 212 2398 serbis
237 2347 273 2398 et
301 2328 446 2398 oratione
478 2321 711 2392 ostendendum
744 2334 816 2404 est,
849 2321 924 2410 hoc'

51 2451 238 2533 sinodicam,
263 2469 316 2518 roe
332 2450 366 2518 in
384 2444 477 2528 ,omni
503 2462 575 2528 erga
596 2441 671 2516 Vos
693 2441 823 2526 officio,
844 2445 918 2516 aiva

52 2563 151 2648 collegii,
174 2570 238 2636 aiae
266 2564 448 2644 amicitiae,
481 2577 606 2634 omnem
631 2577 756 2642 semper
784 2577 921 2643 operam.

53 2673 166 2766 numm,
194 2700 240 2782 ut
285 2675 516 2762 Philosophiae
562 2671 742 2760 praeceptis
782 2672 917 2744 satisia.

52 2805 110 2862 tan.

76 2903 160 2992 Neque
179 2933 250 2982 vero
276 2913 326 2980 ias
352 2911 431 2982 naihi
457 2911 542 2977 duco
567 2925 607 2974 ex
637 2906 701 2972 hoc
726 2904 804 2972 loco
829 2915 920 2972 antea

54 3019 181 3112 distatiua,
200 3051 293 3114 quant
309 3028 491 3102 Vobiscum
509 3022 712 3109 peculiariter
726 3036 843 3104 egero,
862 3017 922 3104 Ju-

56 3147 412 3238 lmesctCornmilitones
432 3127 615 3211 carissimi.¹
649 3134 848 3203 Carissimos
869 3136 925 3221 jd.
995 3150 998 3158 ·

61 3269 135 3324 retas
151 3265 278 3346 appello.
322 3262 407 3330 Nara
433 3279 507 3332 eum
536 3275 647 3326 omnes
672 3271 767 3334 amn,
790 3251 825 3322 in
852 3254 927 3336 qoi-

67 3359 105 3432 ba
119 3374 254 3446 dominae
280 3397 418 3447 amorem
447 3378 552 3446 inesse
578 3345 697 3454 vido}
729 3383 799 3437 tum
823 3365 927 3462 magia

70 3478 198 3576 liliam,
219 3496 276 3578 qui
297 3495 336 3561 ab
362 3477 490 3563 ineunce
510 3503 613 3559 aetate
634 3487 675 3556 ad
697 3485 779 3556 hanc
804 3503 840 3552 se
858 3483 930 3551 lau·

70 3590 119 3658 deu
135 3605 203 3690 irat,
230 3627 430 3696 quorumque
452 3605 561 3672 studia
585 3618 672 3666 areae
699 3615 830 3682 quoque
856 3591 931 3662 fidei

24 3821 25 3824 Ν
68 3723 174 3806 ‘wana
196 3727 410 3800 commendata
435 3736 524 3800 suut.
575 3715 706 3801 Ecquid
734 3715 834 3804 igitur
863 3729 942 3787 mea

865 3843 941 3914 m,
1039 3823 1041 3830 Α
