2508 4712
126 369 132 382 ·
192 325 779 435 ιιιιιιιίιιιιιιίιιιιίιι
890 333 962 460 {01

14 514 55 598 iit
75 531 162 598 mAi
180 534 278 600 hasce
295 553 398 620 opes,
409 523 544 610 laetiore
559 529 702 614 fortasse
715 549 868 639 Europae
881 547 949 630 for³

14 657 85 712 una
105 645 377 732 usurpanda.-
326 647 351 684 ’'
435 641 439 652 ’
539 661 545 676 “

41 761 195 830 Secutus
211 778 261 834 est
281 769 389 838 annus
407 771 562 860 (1787)
572 778 819 905 munerabilis,
844 791 949 874 parti}

14 879 68 945 urs
92 881 219 962 quibus
235 877 588 960 Roianirerriusfavebat
606 896 799 989 oppressis,
793 881 949 995 ipsiquc'

14 997 43 1062 td
62 996 216 1064 dotorem
244 999 394 1087 insignis.-
441 1011 480 1075 In
501 1029 574 1092 quo
587 1011 682 1096 quain
702 1037 857 1093 constans
872 1021 947 1096 soei

14 1109 46 1179 it
73 1113 190 1197 ipsius
207 1115 315 1201 iarios
335 1131 430 1204 quarn
455 1125 525 1193 leve
548 1131 638 1216 vulgi
662 1115 843 1224 judicium,
866 1161 946 1229 opes

14 1241 61 1296 'ae
79 1232 222 1313 pretium
248 1231 299 1303 est
315 1251 522 1321 cognosceres
566 1242 706 1317 Sanat'u‘s
726 1247 944 1329 Academicus

14 1363 122 1433 psum
143 1361 176 1417 et
204 1328 379 1422 Pesteliuru
408 1372 553 1427 oratores
574 1359 695 1448 iegasit
716 1368 755 1433 ad
786 1373 946 1444 exercituo

14 1462 213 1549 Bormani,
245 1469 401 1557 'adjutoris
430 1457 710 1564 Νιιιιιιιόιιιω,
744 1489 945 1571 praetorem*

14 1581 141 1682 Ducena
167 1576 458 1682 Brunsvicensenr,
481 1581 594 1675 quisi
621 1599 827 1668 Academiam
852 1621 945 1672 conr·

14 1695 222 1784 uenderent,
244 1693 473 1792 peterentque,
507 1719 545 1776 ut
560 1719 694 1780 'omnem
715 1710 760 1783 'ab
785 1739 821 1786 ea
843 1699 949 1789 hosts

14 1805 78 1885 lem
96 1817 164 1886 nim
181 1809 309 1890 arceret'r
355 1821 460 1890 Ecce!
486 1823 589 1893 exorti
609 1845 706 1912 sunt,
729 1834 787 1916 qui
805 1853 875 1903 eum
899 1855 948 1904 ra·

14 1931 269 2022 prehenderent,
301 1941 390 2025 quod
412 1929 498 2010 'curo
525 1947 668 2034 collega,
699 1948 948 2025 adversariarum

14 2051 159 2140 patrono
188 2058 351 2142 partium,
384 2061 423 2129 ad
446 2049 575 2130 suarum
599 2053 823 2152 oppressorein
849 2059 967 2156 legari·

15 2191 50 2240 se
73 2185 253 2272 patereturs
281 2175 452 2245 Hominis
479 2178 581 2262 inepti
607 2189 638 2246 at
664 2184 770 2248 rerum
789 2181 949 2268 imperiur

16 2281 121 2373 Quasi
140 2309 218 2358 vero
235 2291 423 2376 Senatusin
440 2305 602 2362 oratorum
621 2297 748 2365 deiectu
765 2291 856 2366 aliud
871 2295 950 2384 quid

18 2419 199 2487 spectasset
217 2419 313 2491 quarn
329 2409 485 2492 aetatem,
507 2413 752 2498 auctoritatem,
773 2429 810 2480 ac
828 2408 950 2482 doctri·

20 2542 76 2590 nae
91 2523 232 2609 famam,
257 2545 393 2626 quarum
411 2543 515 2593 rerum
531 2529 809 2598 commendatione
829 2531 895 2598 duo
914 2529 950 2597 lri

14 2639 235 2710 excellebant·
260 2657 338 2724 aut,
370 2641 463 2724 quasi
488 2639 705 2710 Ruhnkenius
725 2644 865 2712 delatum
885 2645 951 2714 sibi

24 2773 140 2826 nunus
168 2755 319 2840 defugere
346 2757 479 2823 honeste
503 2757 709 2839 potuisset
732 2747 949 2848 DeindeGu·

23 2869 201 2940 bernatoris
217 2872 317 2958 major
333 2867 441 2954 iilius,
455 2869 654 2937 Guilielmus
670 2863 874 2954 rodericus,
892 2873 951 2958 pa-

24 2988 60 3054 tri
75 2987 260 3056 destinatus
274 2987 307 3054 in
325 2987 368 3053 rei
387 2987 537 3070 publicae
555 2989 738 3074 principatu
755 3011 946 3080 successor,
976 3026 979 3034 ·

27 3105 206 3170 studiorum
231 3119 347 3169 caussa
367 3100 400 3169 in
419 3104 500 3169 hauc
520 3104 628 3170 urbem
650 3105 827 3175 habitatum
845 3110 949 3182 venit.

29 3217 80 3283 Ad
106 3217 196 3285 hunc
216 3215 354 3286 subinde
380 3219 578 3287 ventitabant
604 3223 778 3290 salutatum
803 3243 878 3292 cum
897 3223 954 3294 alli

28 3333 110 3402 cives
136 3325 345 3420 utrarumque
368 3337 529 3421 partium,
564 3351 635 3405 tum
663 3317 885 3408 Professores:
917 3339 952 3411 in

29 3445 77 3514 his
92 3451 328 3536 Ruhnkenius,
352 3455 408 3536 qui
424 3467 557 3538 propter
571 3455 701 3522 iliorum
709 3451 951 3540 frequentiam,

30 3571 59 3628 ct
75 3581 213 3635 veterem
249 3589 338 3636 suam
363 3572 396 3637 in
415 3573 595 3638 celebritate
615 3573 762 3642 versandi
778 3589 954 3642 consuetu·

33 3673 156 3765 dinem,
177 3683 241 3751 hoe
258 3683 397 3751 officium
413 3690 561 3754 omittere
576 3705 643 3756 non
658 3705 797 3774 poterat.
831 3679 953 3776 ‘Atque
1053 3727 1060 3737 ·

29 3806 99 3861 eun
114 3797 312 3869 Guilielruus
334 3795 541 3887 Fredericus,
566 3805 641 3872 licet
659 3807 729 3890 ejus
749 3807 951 3879 scholisnon

35 3919 191 4004 uteretur,
213 3927 302 3993 tants
316 3931 443 4007 semper
455 3923 652 3990 humanitate
666 3923 809 4012 excepit,
826 3941 862 3994 ut
879 3943 953 3992 euru

496 4029 558 4122 Yy
587 4057 609 4106 2
904 4039 958 4114 in«,
