2470 4724
308 287 376 404 8⁷5
472 291 622 376 vrrs
649 295 695 374 n.
723 283 1056 374 turturinum

313 481 444 562 luisset.
475 493 523 560 At
538 495 600 562 istu
614 505 686 558 eum
704 507 782 558 curo
798 491 940 558 nondum
955 487 1087 573 ungebat.
1109 465 1179 553 uio

315 612 360 678 tis
387 609 523 678 Bettuae
540 621 639 676 terroe
653 607 870 674 suavitatibus
882 620 1013 689 ceptus,
1033 621 1059 670 et
1071 621 1113 668 sut
1127 604 1178 686 iper

258 733 261 742 “
315 728 431 797 natura
449 745 523 792 cum
541 725 710 792 homiuum
732 723 872 810 ingeniis
889 725 1175 806 nonsummum,

317 855 475 931 perpetuo
504 847 538 912 in
563 865 599 914 ea
627 863 753 914 manere
780 846 1000 914 constituerat.
1045 837 1177 922 Principio,

317 979 391 1026 euru
417 975 543 1042 ceperat
567 959 621 1026 ilie
651 935 808 1027 libertatis
836 979 974 1042 sensus,
1003 959 1052 1042 qui
1072 955 1176 1022 omnibns

316 1085 383 1141 non
402 1072 517 1140 obesse
535 1075 622 1140 noris
647 1073 836 1142 hominibus
862 1094 971 1143 recens
992 1075 1023 1142 in
1042 1073 1106 1138 honr
1120 1071 1133 1135 i
1146 1067 1174 1130 ri·

314 1187 388 1255 tino
403 1189 535 1274 regione
547 1189 702 1274 ingressis
719 1191 899 1274 continuo,
923 1190 1018 1258 veluti
1036 1187 1132 1272 quidm
1144 1200 1174 1247 st·

246 1283 249 1295 ’
313 1303 426 1372 nitatis
444 1302 546 1387 odor,
568 1306 736 1387 occurrit,
759 1320 790 1372 et
817 1306 997 1391 progressis
1013 1312 1174 1387 appsropu·

313 1418 404 1490 latim
430 1439 487 1505 per
510 1439 625 1488 omnes
650 1421 735 1488 vitoe
767 1417 873 1506 partes
900 1422 1067 1502 ciuiumque
1085 1409 1175 1478 ordinet

312 1533 470 1604 diffusus.
523 1532 646 1617 Porro,
679 1535 882 1604 uehementer
920 1555 1021 1605 mores
1041 1533 1174 1598 Btttrorum

314 1651 461 1718 amabat:
487 1671 594 1735 quos,
624 1665 662 1718 ut
686 1653 756 1736 ipse
781 1653 907 1738 ajebat,
938 1673 1010 1720 cum
1036 1647 1107 1718 sortis
1124 1655 1173 1705 tum

316 1767 439 1836 indolis
462 1767 599 1836 felicius
623 1784 688 1836 tntu
715 1771 735 1836 i
760 1771 874 1838 servili
896 1773 1092 1855 potentiorum
1105 1759 1176 1828 uiuit·

315 1885 427 1967 tione,
451 1905 545 1969 quem
562 1887 581 1952 i
598 1887 742 1970 superbo
759 1885 947 1955 inferiorum
973 1895 1105 1954 contemtu
1117 1889 1174 1940 over

315 2023 397 2086 sos,
420 2005 440 2072 i
462 2023 617 2071 tonorum
634 2005 709 2072 item
726 2005 899 2073 titulorum
924 2006 1075 2074 ambitione
1088 1995 1175 2060 timot

315 2115 475 2204 fecisset,
493 2135 606 2188 contm
627 2121 666 2187 ed
692 2103 876 2204 generosum
909 2135 941 2188 et
967 2119 1065 2188 civilem
1084 2107 1173 2174 tnifflO·

315 2251 388 2349 tum
409 2237 633 2322 aequalitatem
657 2237 909 2306 conformasset,
954 2239 1003 2308 Ad
1025 2235 1084 2300 htnt
1104 2223 1172 2289 rttio·

313 2367 387 2417 nent
407 2351 451 2418 itu
466 2351 654 2420 adsueverat
668 2353 914 2437 Ruhnkenius‚
937 2369 974 2422 ut
988 2355 1017 2420 in
1031 2344 1129 2434 putrium
1143 2353 1172 2402 rt·

313 2469 383 2534 dux
403 2468 475 2550 ipse
492 2469 593 2535 veluti
611 2487 720 2564 nouus
750 2489 786 2536 uc
812 2487 928 2540 recens
953 2471 985 2539 in
1005 2485 1035 2534 ee
1053 2461 1173 2548 peregrino

315 2593 435 2663 turus,
464 2573 523 2648 inec
543 2583 646 2667 magis
668 2583 739 2668 ipse
764 2584 839 2668 itti,
859 2605 957 2670 quam
981 2587 1029 2652 illa
1048 2581 1111 2664 ipsi,
1130 2589 1188 2649 Νη

295 2699 403 2802 ¹plius
426 2699 552 2784 placere
579 2717 701 2784 posse,
731 2702 908 2774 uideretum
951 2703 1029 2770 Tum
1050 2715 1107 2765 ueto
1123 2707 1187 2792 pru}

294 2829 389 2920 'pter
404 2813 498 2899 ilios,
518 2815 559 2882 de
576 2814 699 2899 quibus
716 2817 884 2904 diximus,
908 2823 994 2889 dotes
1017 2809 1136 2884 facilioris
1149 2817 1169 2868 et

240 2977 243 2986 ·
311 2931 485 3018 candoris,
525 2948 557 3001 et
588 2951 715 3002 morum
749 2955 970 3022 sensuumque
997 2952 1058 3002 cum
1084 2918 1166 2994 litorii

311 3051 576 3134 congruentium,
599 3051 655 3118 his
670 3054 844 3137 omnibus,
863 3053 998 3120 summis
1015 3047 1121 3120 minis,
1134 3039 1185 3122 ΙΨ

311 3166 440 3234 condus
466 3183 687 3256 acceptusque
714 3183 801 3240 erato
825 3169 908 3235 hiet
930 3165 1184 3247 horubtntureun

290 3295 353 3384 ¹ut
373 3281 407 3348 in
422 3276 580 3348 Batavis
573 3297 733 3368 maneret,
751 3297 782 3349 et
799 3283 955 3366 optabant
979 3299 1011 3347 ut
1031 3267 1168 3345 introbitie

310 3407 441 3478 tempus
468 3397 502 3462 in
527 3395 681 3466 cathedra
697 3399 887 3467 Academico
911 3413 1073 3483 poneretur.
1106 3355 1183 3449 Hem·

286 3507 291 3514 '
310 3510 495 3580 sterhusius
513 3532 541 3579 er
532 3511 809 3610 Lugdunensem
838 3519 1036 3594 alterutrum,
1054 3509 1092 3576 rei
1104 3481 1182 3568 Gori

309 3639 421 3692 carum
449 3630 501 3694 vel
510 3621 733 3714 Latinorum,
765 3631 943 3700 Literarum
968 3611 1166 3698 eathmundi·

308 3743 386 3810 duno
412 3743 644 3814 destinaverat:
671 3749 762 3814 sed
752 3769 787 3816 ιιι
812 3766 924 3816 neutra
949 3744 1093 3814 succedere
1108 3739 1164 3812 pote·

275 3841 330 3984 s
309 3869 358 3928 m
383 3853 625 3950 nunonem„
649 3865 875 3982 monentibus,
904 3865 960 3950 qui
981 3879 1027 3931 ers
1046 3851 1165 4020 tmtbtssg
1177 3877 1179 3995 4

1118 3977 1141 4042 i
