2418 4718
251 425 318 501 aru
368 407 386 454 τ
428 403 685 486 emunito
706 425 754 484 nx
774 397 995 484 uurmouu
1071 373 1081 432 ⁷

255 597 516 688 eupletioretque
545 615 661 684 notas,
693 619 828 686 quarum
854 601 1026 672 editionem
1054 584 1170 688 rugiit-²

257 717 334 803 bat,
356 722 409 788 vel
432 719 537 786 adhuc
560 723 656 788 latere
678 717 790 804 aliquo
817 720 850 786 in
873 721 992 804 angulo
1015 719 1105 788 illius
1123 717 1168 793 Bi·

259 831 667 918 bliothecaeJesuitarum,
690 837 739 900 vel
755 835 820 920 latu
836 834 1051 906 intercidisse.
1077 821 1170 902 'Mur

258 968 347 1020 nur
358 967 408 1017 us
433 961 539 1029 certe,
565 951 655 1032 quod
673 967 710 1018 ex
727 949 824 1018 editis
851 953 921 1028 eiua
936 951 1070 1038 scriptis
1085 971 1170 1037 appa·

256 1085 329 1152 ret,
352 1069 559 1137 Plutarchum
578 1069 747 1155 diligenter
765 1068 984 1148 lectitaverat,
1006 1085 1037 1141 et
1052 1088 1170 1141 sensum

125 1199 130 1206 ’
257 1189 351 1256 etiam
369 1187 434 1254 sibl
453 1187 708 1256 conformrverat
726 1189 765 1256 ad
784 1189 1024 1274 Intelligendum
1045 1193 1170 1259 rationu
1195 1193 1196 1268 J

258 1317 292 1368 et
310 1302 556 1370 consuetudinis
573 1289 800 1384 Plutarcheae,
826 1323 862 1372 ut
885 1305 986 1374 libros
1004 1311 1173 1392 quosdam,
1195 1297 1196 1384 l

257 1415 318 1498 qui
346 1413 387 1482 ab
410 1416 638 1484 eruditissimis
661 1422 740 1487 adeo
762 1419 950 1490 horninibus
977 1427 1103 1508 germani
1121 1426 1175 1492 lra-

262 1531 444 1615 bebantur‚
467 1533 598 1617 spurios
624 1553 694 1603 esse
714 1535 990 1621 animadverterit,
1012 1541 1101 1609 ueluti
1120 1535 1173 1606 De
1195 1535 1196 1614 ζ

260 1645 491 1731 Educatietrc,
513 1645 817 1738 Aggrammen,
841 1643 894 1718 De
916 1645 1054 1722 Placitis
1076 1654 1196 1721 ritu

260 1767 442 1856 sophorum.
487 1759 610 1846 Habuit
634 1763 782 1852 profecto
805 1767 1037 1840 Munianus
1059 1769 1196 1856 abipsa

261 1897 378 1951 natura
401 1883 615 1952 admirabilem
653 1887 819 1968 quamdam
843 1887 1033 1954 facultatem
1059 1903 1088 1956 et
1108 1875 1196 1953 faci-3

262 1995 386 2065 litatem
412 1999 452 2066 ad
469 2015 579 2068 omnes
606 1999 640 2067 in
665 2001 754 2068 omni
775 2000 930 2068 orationis
953 2018 1069 2088 genere
1089 1989 1196 2087 perci?

263 2112 396 2196 piendas
420 2117 643 2197 notandasque
665 2113 787 2183 formas
812 2133 850 2184 ac
874 2118 1068 2188 uarietatest
1088 2121 1196 2214 requei

262 2239 371 2294 tamen
391 2228 430 2294 de
448 2226 523 2294 istis
541 2228 658 2296 libeliis
681 2245 743 2298 ram
762 2232 1054 2318 verclanicum,
1074 2232 1173 2304 nisiad

169 2355 175 2368 ”
266 2347 443 2416 naturalem
472 2347 591 2434 ingenii
619 2349 751 2431 dotem,
774 2365 956 2418 accuratum
983 2368 1024 2420 ac
1048 2348 1196 2438 frequen-3

264 2475 329 2528 tem
348 2461 546 2546 adiunxisset
563 2463 725 2530 Plutarchi
744 2483 852 2532 usunr.
1195 2455 1196 2536 J

257 2577 262 2588 '
312 2577 365 2648 Ab
392 2577 501 2646 eodem
530 2580 581 2647 vel
605 2573 704 2647 simili
732 2580 918 2650 Italicorum
945 2585 1095 2654 codicum
1117 2559 1196 2650 ion-³

269 2707 305 2763 te
320 2695 459 2762 manavit
478 2692 641 2762 Collectio
660 2713 708 2762 sc
720 2713 882 2780 nourr,
905 2696 1043 2770 minoris
1056 2702 1106 2782 illa
1119 2695 1196 2780 quin

269 2813 343 2880 dem
371 2815 411 2880 ad
437 2812 665 2880 emendandum
691 2812 866 2880 ubertatist
889 2833 961 2882 uam
988 2831 1025 2882 et
1047 2803 1196 2884 Malata}

270 2929 342 2996 sola
368 2927 616 3013 complectitur,
648 2922 746 2995 et¹in
771 2927 947 2995 levioribus
979 2931 1069 2997 viriis
1087 2942 1196 2998 uersa·¹

270 3057 348 3113 tur:
374 3054 478 3125 neque
504 3058 610 3110 tamen
638 3042 705 3110 ullo
732 3047 829 3110 modo
853 3047 1049 3126 spernenda,
1075 3038 1196 3124 quippe

274 3179 357 3245 quae
378 3143 545 3229 nonnullis
563 3160 646 3227 locis
671 3161 741 3226 sola
764 3176 866 3226 ueram
889 3159 1059 3227 lectionem
1080 3167 1174 3223 servm.

271 3277 477 3346 Scuorrr
497 3276 627 3344 nornine
642 3295 707 3342 eam
725 3275 975 3359 appellavimus,
985 3293 1055 3344 non
1069 3271 1175 3358 quudis
1195 3283 1196 3335 l

221 3387 227 3396 ”
272 3416 342 3465 eam
366 3411 422 3465 aut
437 3395 602 3481 collegerit
616 3407 672 3463 tut
690 3393 916 3478 descripserit,
929 3396 984 3461 sed
1003 3394 1091 3478 quod
1104 3403 1176 3456 mauu

252 3537 256 3546 ·
276 3529 338 3580 aua
363 3530 480 3581 nomeu
495 3513 566 3595 ipse
582 3529 676 3580 suurn
696 3511 779 3579 libro
802 3511 995 3594 adscripsit,
1018 3507 1196 3596 aequetil⁸÷

278 3629 444 3698 dominum
463 3648 534 3699 esse
554 3628 761 3715 significavit.
804 3627 927 3718 Modus
949 3629 1036 3695 libri.
1049 3641 1114 3710 est,
1136 3618 1196 3714 qlix

282 3745 385 3828 vulgo
403 3747 540 3829 dicitur,
560 3747 594 3814 in
611 3744 712 3814 folio:
734 3763 942 3826 unaquaeque
957 3744 1074 3828 pagiua
1089 3753 1196 3824 aequas

279 3859 389 3928 litera
413 3881 563 3948 supremo
585 3865 625 3931 ad
645 3861 741 3929 imum
761 3861 930 3946 marginem
951 3861 983 3927 iu
998 3861 1080 3927 duas
1096 3864 1196 3942 pines,

234 3993 252 4012 ⁴*
282 3977 353 4050 siue
372 3978 539 4049 columnas
555 3979 709 4050 dannan
722 3991 794 4062 est,
812 3994 943 4062 quarum
961 3975 994 4045 iu
1012 3977 1104 4046 altera
1120 3975 1179 4144 sug
1195 3983 1196 3996 ¹
