<?xml version="1.0" encoding="UTF-8"?>
<!DOCTYPE html PUBLIC "-//W3C//DTD XHTML 1.0 Transitional//EN"
    "http://www.w3.org/TR/xhtml1/DTD/xhtml1-transitional.dtd">
<html xmlns="http://www.w3.org/1999/xhtml" xml:lang="en" lang="en">
 <head>
  <title>
</title>
<meta http-equiv="Content-Type" content="text/html;charset=utf-8" />
  <meta name='ocr-system' content='tesseract 3.04.00' />
  <meta name='ocr-capabilities' content='ocr_page ocr_carea ocr_par ocr_line ocrx_word'/>
</head>
<body>
  <div class='ocr_page' id='page_1' title='image "./opusculavariiar01wyttgoog_0281.png"; bbox 0 0 2388 4714; ppageno 0'>
   <div class='ocr_carea' id='block_1_1' title="bbox 236 283 994 366">
    <p class='ocr_par' dir='ltr' id='par_1_1' title="bbox 236 283 994 366">
     <span class='ocr_line' id='line_1_1' title="bbox 236 283 994 366; baseline -0.005 0"><span class='ocrx_word' id='word_1_1' title='bbox 236 295 300 366; x_wconf 68' lang='lat' dir='ltr'>aio</span> <span class='ocrx_word' id='word_1_2' title='bbox 385 285 667 360; x_wconf 82' lang='lat' dir='ltr'>&#39;PRAEFATIO&#39;</span> <span class='ocrx_word' id='word_1_3' title='bbox 691 303 740 357; x_wconf 78' lang='lat' dir='ltr'>tx</span> <span class='ocrx_word' id='word_1_4' title='bbox 768 283 994 362; x_wconf 75' lang='lat' dir='ltr'>nnmotitt</span> 
     </span>
    </p>
   </div>
   <div class='ocr_carea' id='block_1_2' title="bbox 146 467 1190 1152">
    <p class='ocr_par' dir='ltr' id='par_1_2' title="bbox 146 467 1190 1152">
     <span class='ocr_line' id='line_1_2' title="bbox 146 467 1188 570; baseline 0.006 -26"><span class='ocrx_word' id='word_1_5' title='bbox 146 467 151 483; x_wconf 72' lang='lat'><em>⁶</em></span> <span class='ocrx_word' id='word_1_6' title='bbox 213 529 216 540; x_wconf 94' lang='lat'>.</span> <span class='ocrx_word' id='word_1_7' title='bbox 240 491 503 558; x_wconf 78' lang='lat' dir='ltr'>memoratarum,</span> <span class='ocrx_word' id='word_1_8' title='bbox 524 477 603 545; x_wconf 86' lang='lat' dir='ltr'>alias</span> <span class='ocrx_word' id='word_1_9' title='bbox 620 493 661 544; x_wconf 88' lang='lat' dir='ltr'>ne</span> <span class='ocrx_word' id='word_1_10' title='bbox 674 475 766 559; x_wconf 84' lang='lat' dir='ltr'>ettigi</span> <span class='ocrx_word' id='word_1_11' title='bbox 784 477 935 562; x_wconf 76' lang='lat' dir='ltr'>quideru,¹</span> <span class='ocrx_word' id='word_1_12' title='bbox 955 479 1033 546; x_wconf 84' lang='lat' dir='ltr'>alias</span> <span class='ocrx_word' id='word_1_13' title='bbox 1055 476 1165 550; x_wconf 79' lang='lat' dir='ltr'>ieviter</span> <span class='ocrx_word' id='word_1_14' title='bbox 1187 525 1188 570; x_wconf 31' lang='lat' dir='ltr'>p</span> 
     </span>
     <span class='ocr_line' id='line_1_3' title="bbox 233 581 1188 678; baseline 0.008 -22"><span class='ocrx_word' id='word_1_15' title='bbox 233 589 604 675; x_wconf 77' lang='lat' dir='ltr'>degusmvi,paucarum</span> <span class='ocrx_word' id='word_1_16' title='bbox 623 591 836 675; x_wconf 82' lang='lat' dir='ltr'>probabiliter</span> <span class='ocrx_word' id='word_1_17' title='bbox 852 594 997 678; x_wconf 76' lang='lat' dir='ltr'>petitus3</span> <span class='ocrx_word' id='word_1_18' title='bbox 1009 594 1044 661; x_wconf 93' lang='lat' dir='ltr'>in</span> <span class='ocrx_word' id='word_1_19' title='bbox 1059 600 1163 664; x_wconf 81' lang='lat' dir='ltr'>omui-</span> <span class='ocrx_word' id='word_1_20' title='bbox 1186 581 1188 600; x_wconf 50' lang='lat'><strong>¹</strong></span> 
     </span>
     <span class='ocr_line' id='line_1_4' title="bbox 191 702 1166 790; baseline 0.007 -20"><span class='ocrx_word' id='word_1_21' title='bbox 191 737 206 752; x_wconf 70' lang='lat'>‚,</span> <span class='ocrx_word' id='word_1_22' title='bbox 237 703 302 772; x_wconf 87' lang='lat' dir='ltr'>bus</span> <span class='ocrx_word' id='word_1_23' title='bbox 326 702 409 772; x_wconf 84' lang='lat' dir='ltr'>infra</span> <span class='ocrx_word' id='word_1_24' title='bbox 434 707 630 774; x_wconf 71' lang='lat' dir='ltr'>voluntatem</span> <span class='ocrx_word' id='word_1_25' title='bbox 646 705 718 790; x_wconf 85' lang='lat' dir='ltr'>ipse</span> <span class='ocrx_word' id='word_1_26' title='bbox 746 725 852 774; x_wconf 83' lang='lat' dir='ltr'>metm·</span> <span class='ocrx_word' id='word_1_27' title='bbox 871 726 902 775; x_wconf 90' lang='lat' dir='ltr'>et</span> <span class='ocrx_word' id='word_1_28' title='bbox 929 711 1066 777; x_wconf 85' lang='lat' dir='ltr'>modurn</span> <span class='ocrx_word' id='word_1_29' title='bbox 1089 709 1166 778; x_wconf 90' lang='lat' dir='ltr'>boni</span> 
     </span>
     <span class='ocr_line' id='line_1_5' title="bbox 241 819 1167 916; baseline 0.008 -29"><span class='ocrx_word' id='word_1_30' title='bbox 241 819 387 906; x_wconf 82' lang='lat' dir='ltr'>editoris.</span> <span class='ocrx_word' id='word_1_31' title='bbox 434 819 581 916; x_wconf 69' lang='lat' dir='ltr'>Ulterius</span> <span class='ocrx_word' id='word_1_32' title='bbox 598 823 750 908; x_wconf 79' lang='lat' dir='ltr'>progredi</span> <span class='ocrx_word' id='word_1_33' title='bbox 770 823 851 890; x_wconf 84' lang='lat' dir='ltr'>nihi</span> <span class='ocrx_word' id='word_1_34' title='bbox 867 827 978 892; x_wconf 85' lang='lat' dir='ltr'>datum</span> <span class='ocrx_word' id='word_1_35' title='bbox 994 844 1065 894; x_wconf 91' lang='lat' dir='ltr'>non</span> <span class='ocrx_word' id='word_1_36' title='bbox 1081 847 1167 909; x_wconf 78' lang='lat' dir='ltr'>osse,</span> 
     </span>
     <span class='ocr_line' id='line_1_6' title="bbox 245 933 1171 1020; baseline 0.01 -18"><span class='ocrx_word' id='word_1_37' title='bbox 245 953 320 1003; x_wconf 81' lang='lat' dir='ltr'>sero</span> <span class='ocrx_word' id='word_1_38' title='bbox 335 934 467 1020; x_wconf 84' lang='lat' dir='ltr'>agnovi.</span> <span class='ocrx_word' id='word_1_39' title='bbox 498 933 563 1002; x_wconf 85' lang='lat' dir='ltr'>Sed</span> <span class='ocrx_word' id='word_1_40' title='bbox 576 936 657 1018; x_wconf 91' lang='lat' dir='ltr'>quid</span> <span class='ocrx_word' id='word_1_41' title='bbox 679 937 841 1008; x_wconf 76' lang='lat' dir='ltr'>raeeoemt</span> <span class='ocrx_word' id='word_1_42' title='bbox 862 941 915 1008; x_wconf 85' lang='lat' dir='ltr'>An</span> <span class='ocrx_word' id='word_1_43' title='bbox 930 953 1041 1008; x_wconf 89' lang='lat' dir='ltr'>totum</span> <span class='ocrx_word' id='word_1_44' title='bbox 1057 944 1171 1010; x_wconf 88' lang='lat' dir='ltr'>editio·</span> 
     </span>
     <span class='ocr_line' id='line_1_7' title="bbox 168 1047 1190 1152; baseline 0.006 -28"><span class='ocrx_word' id='word_1_45' title='bbox 168 1137 175 1152; x_wconf 43' lang='lat'><strong>·</strong></span> <span class='ocrx_word' id='word_1_46' title='bbox 197 1047 200 1054; x_wconf 74' lang='grc'><strong>’</strong></span> <span class='ocrx_word' id='word_1_47' title='bbox 243 1057 298 1124; x_wconf 88' lang='lat' dir='ltr'>nis</span> <span class='ocrx_word' id='word_1_48' title='bbox 314 1055 479 1142; x_wconf 81' lang='lat' dir='ltr'><strong>negotium</strong></span> <span class='ocrx_word' id='word_1_49' title='bbox 497 1056 689 1142; x_wconf 70' lang='lat' dir='ltr'>abjicerem?</span> <span class='ocrx_word' id='word_1_50' title='bbox 726 1057 878 1141; x_wconf 84' lang='lat' dir='ltr'>Multos,</span> <span class='ocrx_word' id='word_1_51' title='bbox 899 1060 993 1128; x_wconf 86' lang='lat' dir='ltr'>exiis</span> <span class='ocrx_word' id='word_1_52' title='bbox 1009 1061 1070 1146; x_wconf 86' lang='lat' dir='ltr'>qui</span> <span class='ocrx_word' id='word_1_53' title='bbox 1084 1081 1171 1130; x_wconf 84' lang='lat' dir='ltr'>nunc</span> <span class='ocrx_word' id='word_1_54' title='bbox 1189 1135 1190 1140; x_wconf 64' lang='lat'>,</span> 
     </span>
    </p>
   </div>
   <div class='ocr_carea' id='block_1_3' title="bbox 151 1170 1193 3350">
    <p class='ocr_par' dir='ltr' id='par_1_3' title="bbox 151 1170 1193 3350">
     <span class='ocr_line' id='line_1_8' title="bbox 241 1170 1171 1260; baseline 0.002 -20"><span class='ocrx_word' id='word_1_55' title='bbox 241 1170 383 1251; x_wconf 83' lang='lat' dir='ltr'>vivunt,</span> <span class='ocrx_word' id='word_1_56' title='bbox 404 1171 548 1238; x_wconf 87' lang='lat' dir='ltr'>eruditos</span> <span class='ocrx_word' id='word_1_57' title='bbox 572 1171 719 1239; x_wconf 86' lang='lat' dir='ltr'>homines</span> <span class='ocrx_word' id='word_1_58' title='bbox 742 1171 912 1240; x_wconf 84' lang='lat' dir='ltr'>verisimile</span> <span class='ocrx_word' id='word_1_59' title='bbox 929 1187 981 1240; x_wconf 87' lang='lat' dir='ltr'>est</span> <span class='ocrx_word' id='word_1_60' title='bbox 999 1192 1050 1242; x_wconf 89' lang='lat' dir='ltr'>rue</span> <span class='ocrx_word' id='word_1_61' title='bbox 1074 1175 1171 1260; x_wconf 78' lang='lat' dir='ltr'>iunge</span> 
     </span>
     <span class='ocr_line' id='line_1_9' title="bbox 151 1287 1175 1376; baseline 0.007 -23"><span class='ocrx_word' id='word_1_62' title='bbox 151 1327 156 1337; x_wconf 81' lang='lat'><em>,</em></span> <span class='ocrx_word' id='word_1_63' title='bbox 237 1303 399 1376; x_wconf 85' lang='lat' dir='ltr'>praestare</span> <span class='ocrx_word' id='word_1_64' title='bbox 431 1287 562 1373; x_wconf 87' lang='lat' dir='ltr'>ingenio</span> <span class='ocrx_word' id='word_1_65' title='bbox 582 1306 620 1354; x_wconf 80' lang='lat' dir='ltr'>tc</span> <span class='ocrx_word' id='word_1_66' title='bbox 644 1287 814 1370; x_wconf 79' lang='lat' dir='ltr'>doctrina3</span> <span class='ocrx_word' id='word_1_67' title='bbox 847 1301 880 1356; x_wconf 92' lang='lat' dir='ltr'>et</span> <span class='ocrx_word' id='word_1_68' title='bbox 908 1287 998 1356; x_wconf 81' lang='lat' dir='ltr'>forte</span> <span class='ocrx_word' id='word_1_69' title='bbox 1026 1289 1175 1360; x_wconf 83' lang='lat' dir='ltr'>breuiore</span> 
     </span>
     <span class='ocr_line' id='line_1_10' title="bbox 239 1403 1174 1486; baseline 0.006 -14"><span class='ocrx_word' id='word_1_70' title='bbox 239 1416 386 1486; x_wconf 86' lang='lat' dir='ltr'>tempore</span> <span class='ocrx_word' id='word_1_71' title='bbox 410 1405 571 1470; x_wconf 85' lang='lat' dir='ltr'>meliorent</span> <span class='ocrx_word' id='word_1_72' title='bbox 597 1403 655 1472; x_wconf 92' lang='lat' dir='ltr'>hac</span> <span class='ocrx_word' id='word_1_73' title='bbox 682 1423 750 1474; x_wconf 89' lang='lat' dir='ltr'>mea</span> <span class='ocrx_word' id='word_1_74' title='bbox 783 1404 969 1474; x_wconf 87' lang='lat' dir='ltr'>Editiooenr</span> <span class='ocrx_word' id='word_1_75' title='bbox 994 1405 1174 1478; x_wconf 85' lang='lat' dir='ltr'>effecturos</span> 
     </span>
     <span class='ocr_line' id='line_1_11' title="bbox 240 1519 1191 1610; baseline 0.005 -23"><span class='ocrx_word' id='word_1_76' title='bbox 240 1519 358 1588; x_wconf 84' lang='lat' dir='ltr'>fuisse.</span> <span class='ocrx_word' id='word_1_77' title='bbox 403 1519 465 1586; x_wconf 89' lang='lat' dir='ltr'>Sed</span> <span class='ocrx_word' id='word_1_78' title='bbox 484 1520 518 1586; x_wconf 89' lang='lat' dir='ltr'>hi</span> <span class='ocrx_word' id='word_1_79' title='bbox 532 1519 594 1588; x_wconf 86' lang='lat' dir='ltr'>hoc</span> <span class='ocrx_word' id='word_1_80' title='bbox 615 1539 682 1588; x_wconf 88' lang='lat' dir='ltr'>nou</span> <span class='ocrx_word' id='word_1_81' title='bbox 698 1535 842 1606; x_wconf 82' lang='lat' dir='ltr'>egerunt.</span> <span class='ocrx_word' id='word_1_82' title='bbox 887 1523 982 1608; x_wconf 75' lang='lat' dir='ltr'>ugo,</span> <span class='ocrx_word' id='word_1_83' title='bbox 999 1538 1035 1589; x_wconf 88' lang='lat' dir='ltr'>ut</span> <span class='ocrx_word' id='word_1_84' title='bbox 1048 1529 1173 1610; x_wconf 88' lang='lat' dir='ltr'>potui,</span> <span class='ocrx_word' id='word_1_85' title='bbox 1190 1599 1191 1606; x_wconf 7' lang='grc' dir='ltr'>χ</span> 
     </span>
     <span class='ocr_line' id='line_1_12' title="bbox 241 1634 1172 1720; baseline 0.006 -18"><span class='ocrx_word' id='word_1_86' title='bbox 241 1637 312 1720; x_wconf 83' lang='lat' dir='ltr'>egit</span> <span class='ocrx_word' id='word_1_87' title='bbox 336 1654 394 1703; x_wconf 89' lang='lat' dir='ltr'>nec</span> <span class='ocrx_word' id='word_1_88' title='bbox 416 1637 553 1702; x_wconf 87' lang='lat' dir='ltr'>muitum</span> <span class='ocrx_word' id='word_1_89' title='bbox 581 1634 732 1720; x_wconf 86' lang='lat' dir='ltr'>quidem,</span> <span class='ocrx_word' id='word_1_90' title='bbox 754 1651 786 1705; x_wconf 89' lang='lat' dir='ltr'>at</span> <span class='ocrx_word' id='word_1_91' title='bbox 812 1651 938 1706; x_wconf 87' lang='lat' dir='ltr'>tantum</span> <span class='ocrx_word' id='word_1_92' title='bbox 963 1653 1066 1706; x_wconf 83' lang='lat' dir='ltr'>tumen</span> <span class='ocrx_word' id='word_1_93' title='bbox 1090 1639 1172 1708; x_wconf 79' lang='lat' dir='ltr'>effe-</span> 
     </span>
     <span class='ocr_line' id='line_1_13' title="bbox 241 1751 1192 1841; baseline 0.004 -22"><span class='ocrx_word' id='word_1_94' title='bbox 241 1753 329 1820; x_wconf 87' lang='lat' dir='ltr'>cisse</span> <span class='ocrx_word' id='word_1_95' title='bbox 347 1753 439 1819; x_wconf 83' lang='lat' dir='ltr'>uisus</span> <span class='ocrx_word' id='word_1_96' title='bbox 457 1771 553 1834; x_wconf 87' lang='lat' dir='ltr'>sunt,</span> <span class='ocrx_word' id='word_1_97' title='bbox 577 1755 667 1836; x_wconf 90' lang='lat' dir='ltr'>quod</span> <span class='ocrx_word' id='word_1_98' title='bbox 691 1768 723 1819; x_wconf 87' lang='lat' dir='ltr'>et</span> <span class='ocrx_word' id='word_1_99' title='bbox 751 1751 892 1822; x_wconf 87' lang='lat' dir='ltr'>indoctis</span> <span class='ocrx_word' id='word_1_100' title='bbox 910 1756 1010 1835; x_wconf 89' lang='lat' dir='ltr'>utile,</span> <span class='ocrx_word' id='word_1_101' title='bbox 1034 1771 1096 1823; x_wconf 89' lang='lat' dir='ltr'>nec</span> <span class='ocrx_word' id='word_1_102' title='bbox 1114 1757 1192 1841; x_wconf 43' lang='lat' dir='ltr'>dos</span> 
     </span>
     <span class='ocr_line' id='line_1_14' title="bbox 239 1867 1171 1954; baseline 0.001 -18"><span class='ocrx_word' id='word_1_103' title='bbox 239 1868 303 1936; x_wconf 88' lang='lat' dir='ltr'>ctis</span> <span class='ocrx_word' id='word_1_104' title='bbox 331 1869 447 1934; x_wconf 88' lang='lat' dir='ltr'>inutile</span> <span class='ocrx_word' id='word_1_105' title='bbox 471 1881 570 1935; x_wconf 84' lang='lat' dir='ltr'>esset.</span> <span class='ocrx_word' id='word_1_106' title='bbox 613 1867 686 1934; x_wconf 86' lang='lat' dir='ltr'>Hoc</span> <span class='ocrx_word' id='word_1_107' title='bbox 712 1881 845 1934; x_wconf 88' lang='lat' dir='ltr'>secutus</span> <span class='ocrx_word' id='word_1_108' title='bbox 871 1885 968 1947; x_wconf 82' lang='lat' dir='ltr'>suut,</span> <span class='ocrx_word' id='word_1_109' title='bbox 1002 1867 1069 1934; x_wconf 83' lang='lat' dir='ltr'>boc</span> <span class='ocrx_word' id='word_1_110' title='bbox 1093 1889 1171 1954; x_wconf 89' lang='lat' dir='ltr'>prae</span> 
     </span>
     <span class='ocr_line' id='line_1_15' title="bbox 241 1977 1193 2068; baseline 0.005 -18"><span class='ocrx_word' id='word_1_111' title='bbox 241 1981 402 2052; x_wconf 81' lang='lat' dir='ltr'>meiero:</span> <span class='ocrx_word' id='word_1_112' title='bbox 428 1983 503 2050; x_wconf 85' lang='lat' dir='ltr'>haee</span> <span class='ocrx_word' id='word_1_113' title='bbox 522 1999 573 2046; x_wconf 87' lang='lat' dir='ltr'>me</span> <span class='ocrx_word' id='word_1_114' title='bbox 585 1998 661 2064; x_wconf 88' lang='lat' dir='ltr'>sper</span> <span class='ocrx_word' id='word_1_115' title='bbox 676 1977 881 2049; x_wconf 79' lang='lat' dir='ltr'>confirmavit</span> <span class='ocrx_word' id='word_1_116' title='bbox 899 1999 936 2048; x_wconf 89' lang='lat' dir='ltr'>ac</span> <span class='ocrx_word' id='word_1_117' title='bbox 955 1984 1171 2068; x_wconf 81' lang='lat' dir='ltr'>sustentavit,</span> <span class='ocrx_word' id='word_1_118' title='bbox 1192 2052 1193 2056; x_wconf 73' lang='grc'>,</span> 
     </span>
     <span class='ocr_line' id='line_1_16' title="bbox 242 2079 1193 2188; baseline -0.008 -18"><span class='ocrx_word' id='word_1_119' title='bbox 242 2117 285 2170; x_wconf 87' lang='lat' dir='ltr'>ne</span> <span class='ocrx_word' id='word_1_120' title='bbox 299 2111 481 2182; x_wconf 80' lang='lat' dir='ltr'>susceptam</span> <span class='ocrx_word' id='word_1_121' title='bbox 498 2096 671 2188; x_wconf 71' lang='lat' dir='ltr'>editionem</span> <span class='ocrx_word' id='word_1_122' title='bbox 696 2098 900 2180; x_wconf 82' lang='lat' dir='ltr'>deponerem.</span> <span class='ocrx_word' id='word_1_123' title='bbox 1192 2079 1193 2084; x_wconf 28' lang='lat'>¹</span> 
     </span>
     <span class='ocr_line' id='line_1_17' title="bbox 240 2211 1168 2298; baseline 0.003 -21"><span class='ocrx_word' id='word_1_124' title='bbox 240 2249 245 2264; x_wconf 90' lang='lat'><strong>·</strong></span> <span class='ocrx_word' id='word_1_125' title='bbox 278 2211 373 2298; x_wconf 89' lang='lat' dir='ltr'>Quae</span> <span class='ocrx_word' id='word_1_126' title='bbox 396 2225 448 2280; x_wconf 84' lang='lat' dir='ltr'>est</span> <span class='ocrx_word' id='word_1_127' title='bbox 468 2211 568 2296; x_wconf 82' lang='lat' dir='ltr'>igitur</span> <span class='ocrx_word' id='word_1_128' title='bbox 594 2212 667 2294; x_wconf 82' lang='lat' dir='ltr'>vis,</span> <span class='ocrx_word' id='word_1_129' title='bbox 691 2229 772 2294; x_wconf 82' lang='lat' dir='ltr'>quae</span> <span class='ocrx_word' id='word_1_130' title='bbox 801 2211 885 2279; x_wconf 88' lang='lat' dir='ltr'>ratio</span> <span class='ocrx_word' id='word_1_131' title='bbox 902 2211 1016 2294; x_wconf 86' lang='lat' dir='ltr'>illius,</span> <span class='ocrx_word' id='word_1_132' title='bbox 1038 2214 1082 2282; x_wconf 83' lang='lat' dir='ltr'>de</span> <span class='ocrx_word' id='word_1_133' title='bbox 1104 2233 1168 2298; x_wconf 90' lang='lat' dir='ltr'>quo</span> 
     </span>
     <span class='ocr_line' id='line_1_18' title="bbox 242 2326 1174 2418; baseline -0.004 -16"><span class='ocrx_word' id='word_1_134' title='bbox 242 2333 390 2418; x_wconf 73' lang='lat' dir='ltr'>agimus,</span> <span class='ocrx_word' id='word_1_135' title='bbox 423 2329 597 2415; x_wconf 80' lang='lat' dir='ltr'>colligendi</span> <span class='ocrx_word' id='word_1_136' title='bbox 624 2343 798 2413; x_wconf 82' lang='lat' dir='ltr'>apparatus</span> <span class='ocrx_word' id='word_1_137' title='bbox 824 2326 1014 2396; x_wconf 70' lang='lat' dir='ltr'>doctrinae?</span> <span class='ocrx_word' id='word_1_138' title='bbox 1050 2329 1174 2398; x_wconf 86' lang='lat' dir='ltr'>Princi-</span> 
     </span>
     <span class='ocr_line' id='line_1_19' title="bbox 239 2442 1172 2532; baseline 0 -17"><span class='ocrx_word' id='word_1_139' title='bbox 239 2448 297 2532; x_wconf 85' lang='lat' dir='ltr'>pio</span> <span class='ocrx_word' id='word_1_140' title='bbox 321 2447 479 2530; x_wconf 88' lang='lat' dir='ltr'>quidem,</span> <span class='ocrx_word' id='word_1_141' title='bbox 502 2444 636 2513; x_wconf 82' lang='lat' dir='ltr'>futurus</span> <span class='ocrx_word' id='word_1_142' title='bbox 661 2443 819 2526; x_wconf 83' lang='lat' dir='ltr'>interpres</span> <span class='ocrx_word' id='word_1_143' title='bbox 844 2442 966 2510; x_wconf 77' lang='lat' dir='ltr'>adferat</span> <span class='ocrx_word' id='word_1_144' title='bbox 988 2461 1172 2514; x_wconf 77' lang='lat' dir='ltr'>accuratam</span> 
     </span>
     <span class='ocr_line' id='line_1_20' title="bbox 237 2557 1175 2646; baseline -0.003 -14"><span class='ocrx_word' id='word_1_145' title='bbox 237 2562 404 2632; x_wconf 82' lang='lat' dir='ltr'>scientiam</span> <span class='ocrx_word' id='word_1_146' title='bbox 433 2561 580 2646; x_wconf 80' lang='lat' dir='ltr'>Linguae</span> <span class='ocrx_word' id='word_1_147' title='bbox 605 2559 747 2628; x_wconf 81' lang='lat' dir='ltr'>Graecae</span> <span class='ocrx_word' id='word_1_148' title='bbox 767 2574 800 2626; x_wconf 92' lang='lat' dir='ltr'>et</span> <span class='ocrx_word' id='word_1_149' title='bbox 822 2557 1081 2644; x_wconf 85' lang='lat' dir='ltr'>Antiquitatis,</span> <span class='ocrx_word' id='word_1_150' title='bbox 1114 2578 1175 2629; x_wconf 90' lang='lat' dir='ltr'>usu</span> 
     </span>
     <span class='ocr_line' id='line_1_21' title="bbox 240 2654 1175 2758; baseline 0.002 -16"><span class='ocrx_word' id='word_1_151' title='bbox 240 2677 401 2744; x_wconf 87' lang='lat' dir='ltr'>bonorum</span> <span class='ocrx_word' id='word_1_152' title='bbox 428 2654 631 2758; x_wconf 83' lang='lat' dir='ltr'>Scriptorum</span> <span class='ocrx_word' id='word_1_153' title='bbox 660 2687 891 2758; x_wconf 87' lang='lat' dir='ltr'>comparatam.</span> <span class='ocrx_word' id='word_1_154' title='bbox 935 2673 1025 2742; x_wconf 89' lang='lat' dir='ltr'>Tum</span> <span class='ocrx_word' id='word_1_155' title='bbox 1044 2678 1175 2746; x_wconf 84' lang='lat' dir='ltr'>Aucto·</span> 
     </span>
     <span class='ocr_line' id='line_1_22' title="bbox 241 2799 1173 2885; baseline -0.006 -13"><span class='ocrx_word' id='word_1_156' title='bbox 241 2821 307 2872; x_wconf 86' lang='lat' dir='ltr'>rem</span> <span class='ocrx_word' id='word_1_157' title='bbox 327 2818 423 2870; x_wconf 87' lang='lat' dir='ltr'>suunt</span> <span class='ocrx_word' id='word_1_158' title='bbox 449 2803 559 2885; x_wconf 80' lang='lat' dir='ltr'>leget,</span> <span class='ocrx_word' id='word_1_159' title='bbox 580 2801 720 2885; x_wconf 82' lang='lat' dir='ltr'>relegata</span> <span class='ocrx_word' id='word_1_160' title='bbox 745 2811 783 2865; x_wconf 90' lang='lat' dir='ltr'>ut</span> <span class='ocrx_word' id='word_1_161' title='bbox 812 2799 882 2882; x_wconf 83' lang='lat' dir='ltr'>eius</span> <span class='ocrx_word' id='word_1_162' title='bbox 900 2799 1104 2882; x_wconf 81' lang='lat' dir='ltr'>orationem,</span> <span class='ocrx_word' id='word_1_163' title='bbox 1126 2819 1173 2866; x_wconf 79' lang='lat' dir='ltr'>rr·</span> 
     </span>
     <span class='ocr_line' id='line_1_23' title="bbox 240 2911 1173 2998; baseline -0.002 -16"><span class='ocrx_word' id='word_1_164' title='bbox 240 2911 386 2998; x_wconf 87' lang='lat' dir='ltr'>tionem,</span> <span class='ocrx_word' id='word_1_165' title='bbox 426 2915 718 2997; x_wconf 85' lang='lat' dir='ltr'>consuetudinem,</span> <span class='ocrx_word' id='word_1_166' title='bbox 748 2913 949 2994; x_wconf 83' lang='lat' dir='ltr'>doctrinan,</span> <span class='ocrx_word' id='word_1_167' title='bbox 979 2913 1173 2998; x_wconf 80' lang='lat' dir='ltr'>ingenium,</span> 
     </span>
     <span class='ocr_line' id='line_1_24' title="bbox 240 3029 1173 3113; baseline 0.002 -19"><span class='ocrx_word' id='word_1_168' title='bbox 240 3047 347 3097; x_wconf 88' lang='lat' dir='ltr'>mente</span> <span class='ocrx_word' id='word_1_169' title='bbox 365 3049 402 3096; x_wconf 86' lang='lat' dir='ltr'>ac</span> <span class='ocrx_word' id='word_1_170' title='bbox 419 3029 569 3098; x_wconf 88' lang='lat' dir='ltr'>memoria</span> <span class='ocrx_word' id='word_1_171' title='bbox 591 3031 825 3113; x_wconf 73' lang='lat' dir='ltr'>complectatur</span> <span class='ocrx_word' id='word_1_172' title='bbox 852 3043 885 3094; x_wconf 90' lang='lat' dir='ltr'>et</span> <span class='ocrx_word' id='word_1_173' title='bbox 908 3029 942 3096; x_wconf 89' lang='lat' dir='ltr'>in</span> <span class='ocrx_word' id='word_1_174' title='bbox 962 3045 1092 3112; x_wconf 88' lang='lat' dir='ltr'>promtu</span> <span class='ocrx_word' id='word_1_175' title='bbox 1112 3031 1173 3096; x_wconf 86' lang='lat' dir='ltr'>ha·</span> 
     </span>
     <span class='ocr_line' id='line_1_25' title="bbox 237 3143 1173 3229; baseline 0.001 -18"><span class='ocrx_word' id='word_1_176' title='bbox 237 3144 324 3213; x_wconf 92' lang='lat' dir='ltr'>beat.</span> <span class='ocrx_word' id='word_1_177' title='bbox 376 3145 546 3229; x_wconf 86' lang='lat' dir='ltr'>Denique,</span> <span class='ocrx_word' id='word_1_178' title='bbox 578 3147 668 3228; x_wconf 91' lang='lat' dir='ltr'>quod</span> <span class='ocrx_word' id='word_1_179' title='bbox 692 3145 860 3229; x_wconf 83' lang='lat' dir='ltr'>proprium</span> <span class='ocrx_word' id='word_1_180' title='bbox 893 3163 930 3210; x_wconf 87' lang='lat' dir='ltr'>ac</span> <span class='ocrx_word' id='word_1_181' title='bbox 955 3143 1173 3228; x_wconf 82' lang='lat' dir='ltr'>praecipuum</span> 
     </span>
     <span class='ocr_line' id='line_1_26' title="bbox 237 3259 1175 3350; baseline 0.001 -22"><span class='ocrx_word' id='word_1_182' title='bbox 237 3279 290 3328; x_wconf 83' lang='lat' dir='ltr'>est</span> <span class='ocrx_word' id='word_1_183' title='bbox 316 3265 415 3350; x_wconf 84' lang='lat' dir='ltr'>hujus</span> <span class='ocrx_word' id='word_1_184' title='bbox 438 3262 556 3344; x_wconf 89' lang='lat' dir='ltr'>officii,</span> <span class='ocrx_word' id='word_1_185' title='bbox 579 3263 704 3348; x_wconf 81' lang='lat' dir='ltr'>legendi</span> <span class='ocrx_word' id='word_1_186' title='bbox 728 3274 806 3328; x_wconf 87' lang='lat' dir='ltr'>suut</span> <span class='ocrx_word' id='word_1_187' title='bbox 831 3261 1012 3344; x_wconf 86' lang='lat' dir='ltr'>Scriptores</span> <span class='ocrx_word' id='word_1_188' title='bbox 1040 3259 1175 3344; x_wconf 88' lang='lat' dir='ltr'>antiqui</span> 
     </span>
    </p>
   </div>
   <div class='ocr_carea' id='block_1_4' title="bbox 131 3381 1172 3469">
    <p class='ocr_par' dir='ltr' id='par_1_4' title="bbox 131 3381 1172 3469">
     <span class='ocr_line' id='line_1_27' title="bbox 131 3381 1172 3469; baseline -0.001 -20"><span class='ocrx_word' id='word_1_189' title='bbox 131 3435 133 3440; x_wconf 93' lang='lat'>.</span> <span class='ocrx_word' id='word_1_190' title='bbox 235 3385 382 3469; x_wconf 85' lang='lat' dir='ltr'>plerique</span> <span class='ocrx_word' id='word_1_191' title='bbox 402 3403 535 3469; x_wconf 89' lang='lat' dir='ltr'>omnes,</span> <span class='ocrx_word' id='word_1_192' title='bbox 559 3383 754 3454; x_wconf 77' lang='lat' dir='ltr'>recentiores</span> <span class='ocrx_word' id='word_1_193' title='bbox 778 3381 872 3448; x_wconf 86' lang='lat' dir='ltr'>etiam</span> <span class='ocrx_word' id='word_1_194' title='bbox 900 3381 1042 3464; x_wconf 79' lang='lat' dir='ltr'>optimi:</span> <span class='ocrx_word' id='word_1_195' title='bbox 1065 3399 1110 3450; x_wconf 78' lang='lat' dir='ltr'>ex</span> <span class='ocrx_word' id='word_1_196' title='bbox 1134 3382 1172 3448; x_wconf 89' lang='lat' dir='ltr'>iis</span> 
     </span>
    </p>
   </div>
   <div class='ocr_carea' id='block_1_5' title="bbox 156 3481 1175 4032">
    <p class='ocr_par' dir='ltr' id='par_1_5' title="bbox 163 3481 1169 3596">
     <span class='ocr_line' id='line_1_28' title="bbox 163 3481 1169 3596; baseline -0.004 -29"><span class='ocrx_word' id='word_1_197' title='bbox 163 3587 167 3596; x_wconf 14' lang='grc' dir='ltr'>ἱ</span> <span class='ocrx_word' id='word_1_198' title='bbox 241 3504 415 3588; x_wconf 83' lang='lat' dir='ltr'>colligendi</span> <span class='ocrx_word' id='word_1_199' title='bbox 439 3481 505 3572; x_wconf 82' lang='lat' dir='ltr'>ioci</span> <span class='ocrx_word' id='word_1_200' title='bbox 530 3503 688 3589; x_wconf 81' lang='lat' dir='ltr'>ejusmodi</span> <span class='ocrx_word' id='word_1_201' title='bbox 708 3503 766 3584; x_wconf 87' lang='lat' dir='ltr'>qui</span> <span class='ocrx_word' id='word_1_202' title='bbox 795 3501 919 3568; x_wconf 76' lang='lat' dir='ltr'>uoluunt</span> <span class='ocrx_word' id='word_1_203' title='bbox 939 3501 980 3564; x_wconf 86' lang='lat' dir='ltr'>ad</span> <span class='ocrx_word' id='word_1_204' title='bbox 1007 3499 1169 3566; x_wconf 79' lang='lat' dir='ltr'>Auctoris</span> 
     </span>
    </p>

    <p class='ocr_par' dir='ltr' id='par_1_6' title="bbox 156 3613 1175 4032">
     <span class='ocr_line' id='line_1_29' title="bbox 237 3613 1173 3701; baseline -0.002 -19"><span class='ocrx_word' id='word_1_205' title='bbox 237 3614 425 3684; x_wconf 86' lang='lat' dir='ltr'>locustum</span> <span class='ocrx_word' id='word_1_206' title='bbox 454 3632 624 3701; x_wconf 88' lang='lat' dir='ltr'>corruptos</span> <span class='ocrx_word' id='word_1_207' title='bbox 650 3617 882 3696; x_wconf 86' lang='lat' dir='ltr'>emendandos,</span> <span class='ocrx_word' id='word_1_208' title='bbox 906 3629 976 3684; x_wconf 80' lang='lat' dir='ltr'>tutu</span> <span class='ocrx_word' id='word_1_209' title='bbox 1004 3613 1173 3680; x_wconf 83' lang='lat' dir='ltr'>obscuros</span> 
     </span>
     <span class='ocr_line' id='line_1_30' title="bbox 233 3729 1173 3817; baseline -0.004 -17"><span class='ocrx_word' id='word_1_210' title='bbox 233 3729 477 3800; x_wconf 82' lang='lat' dir='ltr'>illustrandos:</span> <span class='ocrx_word' id='word_1_211' title='bbox 518 3751 622 3817; x_wconf 88' lang='lat' dir='ltr'>neque</span> <span class='ocrx_word' id='word_1_212' title='bbox 649 3733 712 3800; x_wconf 91' lang='lat' dir='ltr'>hoc</span> <span class='ocrx_word' id='word_1_213' title='bbox 747 3734 905 3816; x_wconf 84' lang='lat' dir='ltr'>agendum</span> <span class='ocrx_word' id='word_1_214' title='bbox 941 3729 1173 3814; x_wconf 84' lang='lat' dir='ltr'>percurrendis</span> 
     </span>
     <span class='ocr_line' id='line_1_31' title="bbox 156 3843 1175 3937; baseline -0.001 -24"><span class='ocrx_word' id='word_1_215' title='bbox 156 3887 159 3894; x_wconf 85' lang='lat'>·</span> <span class='ocrx_word' id='word_1_216' title='bbox 237 3843 303 3914; x_wconf 83' lang='lat' dir='ltr'>illis</span> <span class='ocrx_word' id='word_1_217' title='bbox 332 3843 582 3934; x_wconf 69' lang='lat' dir='ltr'>Sempronius,</span> <span class='ocrx_word' id='word_1_218' title='bbox 615 3861 693 3936; x_wconf 88' lang='lat' dir='ltr'>aut,</span> <span class='ocrx_word' id='word_1_219' title='bbox 724 3849 813 3934; x_wconf 90' lang='lat' dir='ltr'>quod</span> <span class='ocrx_word' id='word_1_220' title='bbox 836 3849 931 3937; x_wconf 79' lang='lat' dir='ltr'>pejus</span> <span class='ocrx_word' id='word_1_221' title='bbox 961 3845 1056 3914; x_wconf 85' lang='lat' dir='ltr'>ctiam</span> <span class='ocrx_word' id='word_1_222' title='bbox 1100 3859 1175 3926; x_wconf 86' lang='lat' dir='ltr'>est,</span> 
     </span>
     <span class='ocr_line' id='line_1_32' title="bbox 869 3965 1175 4032; baseline -0.003 1"><span class='ocrx_word' id='word_1_223' title='bbox 869 3967 870 3970; x_wconf 74' lang='grc'>’</span> <span class='ocrx_word' id='word_1_224' title='bbox 1067 3989 1070 3994; x_wconf 96' lang='grc'><strong><em>·</em></strong></span> <span class='ocrx_word' id='word_1_225' title='bbox 1124 3965 1175 4032; x_wconf 85' lang='lat' dir='ltr'>iu·</span> 
     </span>
    </p>
   </div>
   <div class='ocr_carea' id='block_1_6' title="bbox 0 0 1198 4714">
    <p class='ocr_par' dir='ltr' id='par_1_7' title="bbox 0 0 1198 4714">
     <span class='ocr_line' id='line_1_33' title="bbox 0 0 1198 4714; baseline 0 0"><span class='ocrx_word' id='word_1_226' title='bbox 0 0 1198 4714; x_wconf 95' lang='lat' dir='ltr'> </span> 
     </span>
    </p>
   </div>
  </div>
 </body>
</html>
