2470 4724
855 195 879 234 Ι

98 375 102 383 .
207 295 800 386 νιτΑο.κυιιΝκεΝῐι-·
896 311 1042 408 m·

44 495 197 571 ttttcriam
221 499 293 568 suis
318 495 439 567 studiis
463 495 785 581 complectebantur,
808 495 969 580 Latinam,

41 617 254 699 Gnecamquc
282 611 446 696 lingnam,
474 601 752 697 Grammatictm,
781 613 965 701 Celticum,

40 752 160 801 omnem
185 729 389 809 Historiam,
419 727 675 810 Eloquentiam,
699 727 781 795 bene
803 729 965 800 scribendi
1107 716 1114 734 ’

40 848 247 930 facultatem,
270 843 536 932 Philosophiam,
552 858 585 910 et
602 842 743 928 reliquas
762 859 847 912 artes
866 845 967 912 discis
1141 855 1144 864 ·

36 965 229 1049 pilataque,
248 973 429 1044 quatenus,
454 958 674 1042 Antiquomm
700 958 833 1043 scriptis
850 960 965 1032 consie

34 1097 172 1167 gnatae,
200 1077 378 1146 eorumdem
408 1074 548 1142 lectione
561 1073 813 1160 ¹percipiunturt
838 1075 963 1158 quihus

34 1195 131 1264 multi
153 1195 229 1262 adeo
254 1191 430 1272 Hebralcas
453 1203 485 1257 et
506 1187 688 1257 Orientales
705 1187 831 1257 Litcras
844 1191 963 1278 adjuti*

31 1313 163 1398 gabant.
205 1309 273 1397 Qui
293 1306 346 1375 his
365 1303 519 1374 omnibns
537 1304 605 1372 fere
619 1305 654 1372 in
670 1303 766 1372 rebus
784 1305 960 1387 probabili·

32 1437 80 1498 ter
108 1430 275 1511 valerem,
306 1420 554 1490 innumerabiles
586 1417 740 1487 lucrante
771 1417 829 1502 qui
862 1437 961 1504 too,

31 1561 103 1612 tum
121 1543 236 1608 harum
257 1543 362 1607 terum
377 1533 668 1624 egregiascicntia,
683 1532 865 1600 Literarutu
877 1551 961 1615 quo-
1091 1579 1098 1588 ,

29 1678 93 1744 quc
110 1657 311 1724 Graecarum
326 1651 555 1720 etLatinrcum
571 1648 788 1734 principatum
802 1660 962 1732 tererent,

28 1791 100 1852 tres
129 1777 173 1848 td
192 1776 282 1844 hunc
299 1771 381 1842 diem
399 1759 596 1852 censentur,
610 1767 780 1854 Josephus
797 1769 961 1856 Scaliger,

24 1893 165 1968 Isatctm
194 1891 438 1970 Caseuhpnns,
468 1884 628 1986 Claudius
655 1883 847 1952 Salmasius.
886 1883 961 1972 Jtm

26 2009 145 2086 horum
166 2025 294 2094 aetate,
322 2021 354 2077 et
376 2006 479 2094 tnagis
500 2005 595 2072 etiam
623 2017 763 2088 postea,
790 2003 960 2094 plerique,

30 2147 88 2216 pro
103 2125 234 2214 ingenii
249 2125 392 2208 quisque
411 2119 464 2188 sui
483 2113 703 2186 mediocritate
727 2131 761 2186 et
782 2118 886 2186 studii
909 2139 959 2186 rr·

32 2251 138 2331 tione,
159 2263 201 2314 ea
219 2243 278 2312 ills
290 2257 395 2310 rmum
416 2236 574 2337 infinitate
596 2237 631 2306 in
652 2237 775 2306 arctius
793 2239 959 2324 amdan,

32 2364 211 2451 aihtins,
235 2359 278 2428 de
295 2366 361 2441 'qna
381 2343 530 2442 agimus,
553 2354 707 2422 scientiae
730 2370 866 2424 suerent
881 2375 960 2442 pro·

32 2473 396 2567 palamquesedcm,rd
410 2472 645 2559 grammaticam
655 2469 961 2548 carmentriace-
1040 2545 1043 2550 ,

30 2621 90 2687 que
110 2603 244 2686 linguae
261 2595 485 2674 rationem‚ae
499 2592 695 2661 retuleruntt
712 2594 862 2677 angustia
882 2603 960 2662 satie

30 2737 63 2786 ae
84 2717 209 2786 finibus
235 2707 564 2791 circumscribentes,
586 2707 816 2776 observatione
842 2707 960 2776 verbo·

30 2855 117 2919 rum,
133 2833 349 2910 formatum,
371 2823 548 2906 dictionis,
572 2799 846 2906 compositionisa
867 2824 959 2890 mitt·

29 2957 53 3022 ti
70 2956 165 3040 ampli
181 2947 332 3024 aedificii
349 2941 572 3028 superioribus
588 2939 736 3023 partibus
749 2951 781 3006 et
793 2940 960 3008 conclavi-

27 3071 109 3155 bus,
130 3068 273 3157 muria
295 3057 508 3145 supellectilia
531 3053 756 3149 familiaeque,
779 3051 891 3120 vacuis
912 3067 960 3122 ts-
1044 3047 1047 3056 “

23 3189 129 3271 lictis,
151 3189 188 3256 in
213 3179 338 3260 fundo
353 3195 390 3244 rc
416 3175 492 3244 solo
514 3172 695 3242 habitatum
718 3169 954 3238 concedentes:
1014 3237 1017 3242 ,

25 3305 110 3389 tire,
132 3317 171 3372 ut
187 3292 416 3388 splendidiore
434 3288 579 3371 exemplo
596 3299 689 3367 utar,
712 3297 876 3366 tamquam
895 3280 957 3348 im·

25 3423 100 3505 perii
126 3441 164 3506 ae
191 3411 338 3486 ditionis
360 3406 461 3476 nimia
487 3407 551 3474 late
569 3401 732 3488 patentis,
763 3399 853 3482 quod
875 3399 960 3472 rtteti
1020 3488 1031 3496 ·

27 3555 89 3606 non
114 3548 292 3624 possent,
323 3519 520 3612 longinquas
551 3520 749 3603 dissitisque
775 3503 975 3608 provincias

28 3655 238 3734 deserentes,
265 3641 447 3728 copiasque
472 3637 545 3706 inde
570 3654 645 3704 suas
672 3633 706 3700 in
731 3631 872 3718 patrium
890 3631 962 3704 ati·

28 3785 160 3854 tumque
188 3775 332 3852 mgnum
355 3771 388 3824 et
413 3771 523 3842 agrum
550 3748 787 3820 contrahentes.
830 3745 960 3820 Horum

28 3885 82 3954 alli
102 3886 189 3956 intra
217 3879 310 3950 illud
332 3871 510 3944 ruborum
527 3886 562 3938 te
575 3881 711 3954 aunum
728 3863 937 3936 continebant
932 3972 972 4042 m

218 4021 223 4029 ·
914 3991 932 4040 a
