2470 4724
218 309 358 394 trun
388 320 435 389 o.
467 316 808 402 annuarum
907 322 978 422 top

51 510 136 582 sedit
149 508 216 577 alta
227 523 334 574 mente
345 521 516 589 repostum
525 507 608 592 hoc,
622 512 724 579 aeluri
737 510 858 582 Paridis
873 517 977 604 (31),

46 629 230 715 judicium,
260 637 448 705 spretaeque
476 623 592 708 injuria
621 627 796 695 doctriuaea
851 632 975 709 Horum

47 745 147 814 amici
173 761 240 810 noo
266 742 455 808 verebantur
474 743 639 828 dictitare,
663 747 893 820 Ruhn‘kenium
913 773 979 824 ma·

44 861 101 944 gis
125 859 269 924 Graecae
292 861 384 939 qudm
407 855 544 926 Latinae
570 859 736 932 cathedrae
754 879 864 950 aptum
882 891 975 958 esse,

44 989 109 1045 trec
130 973 331 1058 provinciam
357 973 483 1039 civibus
506 976 643 1044 debitam
668 981 820 1052 debuisse
843 992 982 1074 peregri·

47 1109 133 1158 num
170 1105 336 1171 occupare.
399 1090 492 1178 Quae
532 1069 665 1164 voculae
694 1098 734 1166 ab
767 1101 983 1187 insignierint

44 1221 186 1288 stupore
204 1224 243 1270 an
264 1209 486 1276 malevolentia
510 1210 673 1294 proiectae
699 1216 842 1303 fuerint,
865 1222 980 1290 didici.

43 1321 79 1386 ie
96 1333 147 1387 cst
170 1333 322 1386 statuere.
368 1322 418 1388 Ac
439 1325 576 1406 primum
595 1331 745 1414 quidem,
767 1335 912 1419 ignorare
928 1339 978 1405 ai·
1038 1410 1041 1419 ,

40 1431 203 1502 dabantur
228 1436 307 1518 isti,
342 1453 373 1502 et
403 1443 585 1524 antiquitus
615 1445 763 1514 Latinam
790 1450 932 1535 linguam
956 1457 976 1522 ὲ

41 1549 170 1618 Graeca
196 1527 267 1620 esse
290 1569 420 1635 natam,
442 1569 474 1622 et
500 1557 667 1629 Romanos
690 1579 805 1646 postea
831 1584 866 1632 se
887 1579 976 1634 totos

38 1667 83 1730 ad
102 1662 299 1730 Graecorum
329 1669 511 1750 exemplum
539 1673 781 1759 conformasse,
801 1697 840 1744 ex
858 1680 975 1748 horum

37 1779 196 1847 fontibus
219 1778 346 1848 Literas
377 1801 511 1867 omnes,
541 1803 645 1871 artes,
676 1794 861 1877 doctrinas,
891 1797 971 1864 hau·

39 1895 153 1976 sisse,
176 1915 228 1962 cas
253 1896 286 1964 in
313 1897 456 1982 linguam
473 1903 564 1966 suam
589 1921 621 1970 et
638 1907 746 1972 solum
765 1909 857 1992 quasi
878 1929 974 1979 suunt

36 2013 270 2094 transtulisse3
294 2028 332 2078 ut
357 2030 492 2096 prorsus
516 2016 581 2097 sit,
604 2019 692 2101 quod
706 2017 879 2103 proverbio
896 2025 977 2091 dici·

36 2141 121 2210 tur,
154 2129 215 2195 iter
240 2130 347 2210 caeci,
379 2131 530 2216 ejusqui
555 2132 589 2199 in
609 2133 735 2202 Latinis
759 2136 878 2204 Litcris
904 2139 975 2206 sine

36 2239 240 2308 Graecarum
256 2242 391 2308 scientia
406 2241 586 2312 Literarum
605 2251 753 2332 progredi
772 2253 870 2335 velit,
895 2273 974 2336 qua-

37 2375 114 2424 rum
141 2357 263 2422 lumine
287 2355 395 2438 quivis
420 2376 505 2425 unus
532 2374 565 2424 et
583 2364 699 2444 gradus
719 2378 750 2430 et
765 2383 880 2446 passus
895 2365 971 2436 illu·

38 2473 197 2540 strandus
222 2472 286 2538 sit:
314 2490 449 2553 quarum
470 2491 538 2556 quo
556 2477 674 2560 majore
694 2477 817 2552 valebat
834 2479 971 2548 scientia

34 2584 283 2667 Ruhnkenius,
307 2603 345 2651 eo
372 2586 441 2670 ipse
464 2588 598 2670 melior,
623 2606 718 2670 quam
734 2589 788 2657 alii
806 2591 913 2656 minus
929 2591 968 2660 alt
1012 2598 1016 2612 ¹

34 2719 69 2768 aa
93 2703 223 2784 parati,
245 2705 422 2773 censendus
449 2719 516 2770 erat
541 2703 729 2772 Latinarum
748 2707 863 2774 doctor
879 2705 971 2774 Lite·

36 2838 173 2888 tarum:
194 2836 365 2902 earumque
394 2819 437 2884 ita
464 2820 622 2903 peritusl
645 2820 768 2906 Bergeri
784 2821 969 2908 Ritterique

35 2934 214 3018 disciplina
234 2936 403 3017 prodierat
427 2935 637 3017 adolescens,
661 2952 697 3003 ut
727 2941 873 3020 quamvis
892 2962 967 3024 pro·

37 3047 218 3116 festiorem
240 3054 305 3133 jam
326 3048 384 3116 illo
407 3063 552 3133 tempore
574 3071 685 3120 ornate
707 3071 830 3138 posset.
875 3058 969 3126 Pere-

38 3166 203 3252 grinitatis
224 3169 344 3235 crimen
369 3170 561 3253 reprehenso
578 3172 722 3256 laudem,
746 3179 967 3260 reprehensori

36 3281 177 3348 dedecus
202 3281 356 3350 habebat:
382 3285 557 3352 eratenim
585 3286 724 3356 invidiae
739 3291 758 3357 d
774 3292 894 3359 virtute
911 3311 968 3360 su·
1019 3293 1022 3300 ’

35 3412 167 3480 peraeae
187 3401 331 3481 clamor,
354 3413 385 3464 et
407 3400 440 3467 in
459 3400 551 3468 istam
569 3404 749 3474 nativitatis
766 3409 961 3496 gloriolam,

36 3529 78 3580 ut
94 3513 130 3582 in
157 3514 287 3583 unicum
305 3517 498 3602 praesidium
525 3519 763 3608 confugientis:
786 3542 851 3593 erat
876 3545 964 3594 men-

920 3645 964 3712 tis

74 3804 167 3883 (31)
186 3807 287 3880 Virgil.
305 3809 380 3870 Aen.
401 3810 443 3882 1,
471 3811 526 3872 26:
555 3809 659 3872 Manet
680 3813 745 3870 alta
773 3825 864 3872 mente
892 3832 968 3893 repo.

30 3925 112 3978 stum
127 3913 276 3982 Iudicium
293 3919 431 3994 Paridis,
449 3933 614 3998 spretaeque
628 3923 744 3998 injuria
752 3919 877 3998 formae.

1105 1279 1118 1346 l

1101 1468 1116 1615 ἐ
1168 1529 1172 1536 .
