2572 4710
241 355 308 426 ¹70
348 327 676 408 nnnnuamoex
696 331 831 404 LIBRO
852 331 1108 408 PRAECEPT·

237 539 335 606 num,
358 515 462 603 quin,
493 521 582 606 qnod
606 518 700 584 mihi.
711 486 872 589 scribendi
893 519 1071 592 consilinm
1092 522 1164 593 fut·

238 638 305 718 rit,
329 635 498 718 diligenter
517 652 687 719 exponam.

279 753 495 837 Posteaquam
519 753 560 826 ad
585 769 635 818 me
659 750 799 830 delatum
826 765 876 820 eat
901 771 1044 836 munus,
1067 757 1163 844 cujus

238 869 327 939 baud
351 869 480 936 minima
504 887 578 953 para
604 867 805 954 in.Logicae
830 869 1040 938 institutione
1058 888 1165 939 tersa·

238 1000 316 1085 nur,
345 984 394 1053 nii
417 981 497 1049 mihi
524 982 615 1067 priua
638 981 725 1066 fuit,
748 1001 844 1066 qoam
871 995 909 1050 ut
931 985 1076 1056 liberium
1102 984 1168 1050 cir·

235 1102 468 1186 errmspicerem
488 1095 663 1180 Latinum,
682 1100 723 1166 ad
740 1104 890 1170 Veterum
907 1101 1059 1170 rationem
1076 1119 1168 1168 corn·

220 1217 409 1305 positum,
434 1214 557 1298 quique
573 1215 703 1281 haberet
719 1217 924 1302 conjunctam
947 1233 979 1284 et
1003 1237 1106 1284 rernm
1134 1231 1168 1286 et

237 1331 396 1400 orationis
412 1329 603 1398 bonitatem.
646 1329 762 1414 Neque
779 1335 930 1416 putabam
957 1332 1046 1417 fore,
1071 1351 1108 1404 ut
1133 1335 1162 1404 ia

236 1450 274 1518 in
297 1461 385 1516 tanta
409 1446 676 1531 compendiorum
700 1449 909 1520 multitudine
932 1451 990 1518 diu
1012 1466 1166 1532 quaeren-

238 1567 303 1633 dua
335 1579 436 1634 esset.
486 1565 532 1632 At
569 1549 636 1632 res'
659 1545 784 1652 praeter
815 1569 997 1652 opinionem
1030 1563 1164 1637 cecinit.

236 1677 340 1754 Erant
364 1679 491 1764 quidem
518 1679 642 1764 libelii,
672 1701 777 1767 neque
809 1687 887 1753 adeo
908 1683 1026 1770 pauci,
1056 1701 1165 1751 rerum

237 1793 382 1862 bonitate
399 1783 538 1863 minime'
556 1787 805 1879 contemnendi,
826 1785 886 1868 aed
901 1815 1039 1884 quorum
1058 1796 1166 1865 oratio

237 1929 256 1978 a
274 1909 426 1976 Veterum
447 1909 570 1977 ratione
584 1911 680 1994 plane
693 1911 886 1980 abhorreret.
924 1907 1057 2000 Quibus
1071 1907 1169 2002 equi?

237 2023 308 2094 beni
332 2025 380 2089 uti
405 2041 464 2090 nec
491 2023 607 2124 potui,
629 2041 687 2094 nee
705 2023 810 2092 vuiui.
852 2021 920 2114 Qui
937 2041 1014 2092 tero
1037 2023 1079 2092 ab
1092 1999 1172 2092 ora·'⁸

145 2117 171 2164 ³
237 2139 340 2208 tionb
367 2155 536 2224 rerumque
569 2141 714 2208 bonitrte
749 2141 1068 2223 commendarentur,
1100 2156 1168 2212 mot
1269 2219 1274 2228 ,

238 2257 373 2325 bmnino
397 2272 504 2327 etanta
537 2259 605 2327 duo
629 2259 790 2347 aJaeobo
814 2259 1000 2328 Faccioiato
1025 2260 1164 2346 scripti,

235 2373 438 2444 Redimenta
460 2377 624 2464 Lagina,
646 2391 677 2442 et
694 2373 918 2445 Inniantionar
937 2375 1081 2462 Logicae
1100 2375 1167 2439 Pu

234 2492 452 2579 ripaaen'caea
479 2489 593 2558 tertiua
619 2491 659 2556 ab
681 2489 713 2581 J
735 2493 775 2561 Α.
803 2491 964 2572 Ernesto,
994 2491 1028 2557 in
1051 2487 1166 2559 nnana

237 2605 421 2674 Doctrinae
433 2605 616 2676 Solidiorn.
661 2603 721 2687 Si,
737 2603 961 2688 praeteritos,
979 2603 1033 2671 aiii
1048 2617 1166 2672 aucto·

225 2724 289 2790 'rea
323 2721 404 2788 banc
431 2719 589 2786 orationis
619 2720 746 2788 landem
773 2719 842 2788 suis
868 2719 933 2804 ipsi
958 2719 1168 2805 compendiis

234 2841 402 2926 tribuant,
423 2857 601 2924 eorumque
625 2841 820 2910 mentionem
843 2841 969 2910 nuiirm
992 2861 1012 2908 a
1038 2847 1089 2908 mo
1115 2837 1167 2909 fa·

235 2949 319 3024 etam
337 2955 591 3040 torqueremur,
615 2957 676 3024 hoa
697 2976 801 3043 rogo,
824 2975 865 3026 ne
878 2957 1037 3044 judicium
1055 2973 1165 3024 meum

235 3073 418 3158 imperitia
432 3069 547 3158 potrus
564 3073 659 3158 quain
685 3075 888 3161 ignoratione
906 3074 1089 3161 profectum
1106 3087 1164 3138 en·

118 3275 122 3287 ι
234 3183 393 3276 intiment.
435 3187 588 3258 Ceterum
606 3189 782 3257 Faceioiari
798 3203 897 3273 atque
911 3186 1041 3256 Emetti
1056 3185 1164 3252 irbroa

236 3321 429 3390 quamquam
453 3304 606 3374 omnibns
626 3303 784 3392 'elegantia
815 3307 979 3375 doetrinae
999 3303 1164 3373 studiosi·

232 3405 434 3494 tenementer
465 3423 681 3506 commendo,
713 3436 820 3492 tamen
848 3425 887 3490 ad
923 3429 1061 3488 mearum
1088 3419 1164 3504 qui·

236 3531 307 3610 dem
325 3539 509 3609 scholarum
535 3559 630 3608 uaum
656 3541 805 3608 adhibere
825 3557 891 3608 non
917 3536 1027 3622 potui.
1070 3535 1161 3618 Hic,

234 3649 273 3730 r'rt
307 3659 378 3745 ipse
403 3657 596 3745 profitetur,
629 3655 837 3742 scriptionem
863 3653 1007 3740 inferiori
1033 3653 1164 3724 cuidam

235 3769 392 3867 juvenum
419 3773 519 3842 aetati·
533 3773 810 3842 accommodavit:
840 3770 895 3840 iiie
918 3769 1163 3859 Peripateticum

232 3889 414 3970 doctrinam
438 3889 540 3961 unice·
556 3887 733 3978 spectante
765 3902 903 3978 uterque
928 3887 1013 3961 brad
1037 3901 1101 3956 unt
1119 3879 1164 3948 in
1220 3963 1229 3982 ι

238 4011 304 4052 aw-
322 4023 336 4038 »ι
1084 4009 1162 4088 w,
