2572 4710
263 301 324 378 aso
386 293 642 374 cesarano
663 297 822 372 raurrs
845 293 1056 407 ornuran

283 432 290 459 t

261 489 298 560 ln
320 490 432 578 Belgio
457 504 594 558 nostro:
625 507 692 557 ooo
720 487 800 556 illos
825 489 953 573 quidem
981 512 1098 582 mrpno
1126 505 1191 564 nnc

262 622 371 688 mero,
393 607 450 674 sed
476 618 581 673 tamen
610 593 769 688 eiusmodi
798 603 857 688 qui
878 621 1049 674 numerum
1069 609 1192 677 studiis

261 731 528 805 compensarent,
561 715 826 798 vehementerque
849 735 1027 804 cuperent,
1050 737 1087 787 ut
1114 740 1195 806 ope.

262 857 328 905 ram
362 856 460 922 porro
487 843 638 903 nostram'
659 832 706 898 iu¹
725 835 785 901 hao
810 833 988 918 scriptione
1016 838 1194 905 collocare*

263 964 351 1023 mus.
397 953 547 1040 Quorum
560 949 713 1018 desideria
737 959 773 1016 ut
793 952 1018 1034 negligamus,
1041 955 1194 1020 commit*

262 1083 329 1138 tere
351 1088 418 1136 oon
445 1083 636 1152 possumus.
680 1061 749 1147 Et,
773 1064 803 1130 ai
831 1067 938 1136 omnis
964 1088 1060 1151 opera
1077 1070 1194 1154 inpri-

265 1173 328 1252 mis
347 1187 387 1251 ad
403 1183 525 1250 civium
554 1183 724 1250 utilitatem
745 1181 907 1250 referenda
923 1199 1007 1268 est,.
1019 1187 1098 1270 quid
1119 1207 1195 1255 eum

263 1301 404 1368 laborem
442 1295 669 1384 defugiamus,
703 1299 782 1382 qui,
813 1319 887 1366 curn
916 1303 956 1367 ad
984 1321 1192 1371 communem

264 1411 416 1484 omniunt*
441 1415 607 1482 doctrinae
646 1413 787 1481 fructum
826 1431 979 1501 spectet,
1010 1433 1027 1484 a
1061 1419 1194 1488 civibus

264 1532 357 1599 etiam
376 1525 567 1614 expetatur?
611 1525 728 1612 Neque
746 1545 821 1598 vero
846 1533 893 1599 lta
921 1533 984 1600 hoe
1006 1534 1110 1619 tccipi
1132 1555 1192 1604 vo·

262 1651 394 1733 lomus,
416 1667 453 1716 ac
472 1649 500 1714 si
516 1647 802 1716 constituissemus
821 1648 952 1718 civibus
974 1645 1098 1720 oosttlt
1115 1671 1193 1736 prae

263 1769 378 1836 ceteris
404 1765 534 1850 favere,
555 1783 666 1834 eorum
684 1768 795 1836 laudes
819 1767 997 1851 celebrare,
1020 1787 1118 1852 supra
1140 1788 1196 1840 ex·

262 1895 350 1952 tcros
395 1883 571 1964 extollere,
607 1883 738 1947 reticere
769 1901 892 1948 errores
927 1897 984 1948 aut
1027 1899 1193 1953 excusare«

262 2003 468 2090 Quamquam
486 2000 549 2068 lroc
564 2015 633 2068 uon
643 1986 837 2080 'infrequens
853 2011 903 2066 est
922 1998 1039 2068 vitiuro
1056 2017 1196 2086 eorum,

264 2119 323 2204 qui
350 2133 501 2184 censuras
526 2125 688 2184 novorum
716 2114 871 2182 librorum
892 2117 1054 2186 scribunt.
1097 2117 1198 2186 Rem·

264 2234 428 2318 publicam
448 2232 615 2299 literarium
636 2232 680 2299 ita
697 2231 731 2300 in
750 2233 873 2302 classes
897 2234 1103 2318 descrlbunt‚
1125 2249 1196 2305 non

263 2365 301 2416 ut
323 2349 444 2437 ingenii
474 2363 506 2416 et
535 2349 722 2434 doctrinae,
753 2353 809 2418 sed
835 2353 1001 2420 nationum
1026 2371 1062 2418 ac
1089 2353 1197 2436 regio·

264 2484 366 2548 num,
387 2484 519 2533 censum
540 2481 733 2549 sequantur.
776 2465 863 2534 Hinc
889 2477 962 2549 est,
985 2466 1075 2549 quod
1103 2465 1195 2533 haud

190 2633 193 2641 ,
265 2599 339 2648 raro
355 2579 556 2663 'videamus,
587 2581 675 2646 hunc
704 2580 739 2648 in
765 2581 895 2648 modum
920 2579 959 2645 ab
985 2579 1025 2645 iis
1048 2587 1200 2661 pronun·

260 2693 364 2761 clarit
390 2698 442 2759 ita
468 2695 567 2760 solent
592 2715 625 2764 ν.
653 2716 684 2760 c.
712 2693 895 2777 Britanni,
916 2699 967 2762 ita
994 2695 1108 2763 Galli:
1139 2719 1197 2768 nos

254 2791 390 2879 'uersu
443 2809 511 2910 Qui
545 2807 684 2892 puerilis
714 2823 763 2875 est
789 2827 907 2891 error,
937 2828 1043 2893 neque
1068 2812 1200 2882 aliunde

250 2923 456 3012 profectus,
480 2943 575 3006 quarn
595 2935 756 2991 exterum
774 2924 982 2994 humanarum
1000 2943 1033 2996 ec
1048 2947 1200 2996 conruu-

264 3042 318 3112 nis
343 3040 428 3108 vitae
446 3040 659 3124 ignoratione.
705 3041 789 3108 Sunt
807 3043 889 3110 eninr
906 3043 995 3128 apud
1011 3061 1121 3112 omnes
1137 3061 1198 3112 na·

264 3159 394 3247 tiones,
415 3159 482 3239 ‚qui
506 3155 624 3228 melius
647 3170 679 3224 et
705 3158 761 3240 qui
789 3160 881 3242 peius
905 3175 1004 3228 artem
1033 3174 1195 3232 tracteutt

265 3289 344 3374 suat
366 3275 417 3344 vel
441 3271 624 3358 principes,
648 3273 700 3340 vcl
728 3269 931 3354 secundarii,
960 3274 1010 3340 vel
1038 3274 1195 3362 tertiani,

265 3392 318 3460 rel
335 3390 515 3460 inferlores.
561 3389 666 3478 lgitur
682 3390 835 3458 classium
855 3391 937 3457 ratio
960 3389 1104 3460 habenda
1122 3407 1193 3475 est,

265 3519 337 3572 nort
353 3505 573 3587 populorum:
599 3522 705 3587 neque
720 3503 918 3588 videndum,
941 3509 1032 3592 cuias
1052 3511 1196 3594 quisque

247 3617 336 3704 sit,
360 3623 417 3688 sed
432 3623 514 3705 quid
530 3624 628 3692 diest.
666 3624 748 3691 Fuit
767 3626 820 3693 hie
839 3629 1001 3710 quondam
1019 3629 1198 3715 Spartano·

266 3749 336 3811 rutt
355 3755 452 3822 mos,
475 3751 534 3824 ut,
559 3739 643 3810 siin
667 3759 830 3812 couveruu
856 3744 1023 3816 sociorum
1048 3750 1194 3833 slegato

1100 3865 1199 3950 igno·

1165 443 1181 474 Q
1256 455 1264 476 r
