<?xml version="1.0" encoding="UTF-8"?>
<!DOCTYPE html PUBLIC "-//W3C//DTD XHTML 1.0 Transitional//EN"
    "http://www.w3.org/TR/xhtml1/DTD/xhtml1-transitional.dtd">
<html xmlns="http://www.w3.org/1999/xhtml" xml:lang="en" lang="en">
 <head>
  <title>
</title>
<meta http-equiv="Content-Type" content="text/html;charset=utf-8" />
  <meta name='ocr-system' content='tesseract 3.04.00' />
  <meta name='ocr-capabilities' content='ocr_page ocr_carea ocr_par ocr_line ocrx_word'/>
</head>
<body>
  <div class='ocr_page' id='page_1' title='image "./opusculavariiar01wyttgoog_0645.png"; bbox 0 0 2508 4712; ppageno 0'>
   <div class='ocr_carea' id='block_1_1' title="bbox 14 175 17 346">
    <p class='ocr_par' dir='ltr' id='par_1_1' title="bbox 14 151 17 370">
     <span class='ocr_line' id='line_1_1' title="bbox 15 175 17 230; baseline 0 0"><span class='ocrx_word' id='word_1_1' title='bbox 15 175 17 230; x_wconf 69' lang='lat' dir='ltr'><strong>r</strong></span> 
     </span>
     <span class='ocr_line' id='line_1_2' title="bbox 14 249 17 346; baseline 0 13"><span class='ocrx_word' id='word_1_2' title='bbox 14 249 17 346; x_wconf 88' lang='lat' dir='ltr'><strong>l</strong></span> 
     </span>
    </p>
   </div>
   <div class='ocr_carea' id='block_1_2' title="bbox 293 341 1051 421">
    <p class='ocr_par' dir='ltr' id='par_1_2' title="bbox 293 341 1051 421">
     <span class='ocr_line' id='line_1_3' title="bbox 293 341 1051 421; baseline -0.008 0"><span class='ocrx_word' id='word_1_3' title='bbox 293 343 363 421; x_wconf 62' lang='lat'><strong>360</strong></span> <span class='ocrx_word' id='word_1_4' title='bbox 463 345 595 420; x_wconf 83' lang='lat' dir='ltr'><strong>VITA</strong></span> <span class='ocrx_word' id='word_1_5' title='bbox 628 347 672 418; x_wconf 81' lang='grc' dir='ltr'><strong>Π.</strong></span> <span class='ocrx_word' id='word_1_6' title='bbox 712 341 1051 417; x_wconf 81' lang='lat' dir='ltr'><strong>RUHNKENH.</strong></span> 
     </span>
    </p>
   </div>
   <div class='ocr_carea' id='block_1_3' title="bbox 287 528 1214 3500">
    <p class='ocr_par' dir='ltr' id='par_1_3' title="bbox 287 528 1214 3500">
     <span class='ocr_line' id='line_1_4' title="bbox 299 528 1213 622; baseline 0 -17"><span class='ocrx_word' id='word_1_7' title='bbox 299 553 382 622; x_wconf 80' lang='lat' dir='ltr'><strong>quse</strong></span> <span class='ocrx_word' id='word_1_8' title='bbox 407 534 621 617; x_wconf 81' lang='lat' dir='ltr'><strong>Comoedias,</strong></span> <span class='ocrx_word' id='word_1_9' title='bbox 643 533 879 616; x_wconf 76' lang='lat' dir='ltr'>Epicharmus,</span> <span class='ocrx_word' id='word_1_10' title='bbox 904 528 1085 614; x_wconf 77' lang='lat' dir='ltr'>Cratinus,</span> <span class='ocrx_word' id='word_1_11' title='bbox 1101 531 1213 621; x_wconf 78' lang='lat' dir='ltr'><strong>liupo·</strong></span> 
     </span>
     <span class='ocr_line' id='line_1_5' title="bbox 296 650 1211 738; baseline -0.004 -16"><span class='ocrx_word' id='word_1_12' title='bbox 296 653 364 736; x_wconf 85' lang='lat' dir='ltr'><strong>lis,</strong></span> <span class='ocrx_word' id='word_1_13' title='bbox 394 653 652 736; x_wconf 90' lang='lat' dir='ltr'><strong>Aristophanes,-</strong></span> <span class='ocrx_word' id='word_1_14' title='bbox 679 650 904 733; x_wconf 87' lang='lat' dir='ltr'><strong>Pherecrates,-</strong></span> <span class='ocrx_word' id='word_1_15' title='bbox 923 651 1042 718; x_wconf 73' lang='lat' dir='ltr'><strong>Psaros</strong></span> <span class='ocrx_word' id='word_1_16' title='bbox 1074 651 1211 738; x_wconf 71' lang='lat' dir='ltr'><strong>moe,</strong></span> 
     </span>
     <span class='ocr_line' id='line_1_6' title="bbox 295 765 1213 854; baseline -0.005 -15"><span class='ocrx_word' id='word_1_17' title='bbox 295 770 521 854; x_wconf 72' lang='lat' dir='ltr'>Antiphanes,</span> <span class='ocrx_word' id='word_1_18' title='bbox 552 781 583 834; x_wconf 84' lang='lat' dir='ltr'><strong>et</strong></span> <span class='ocrx_word' id='word_1_19' title='bbox 609 767 742 834; x_wconf 79' lang='lat' dir='ltr'><strong>Alexist</strong></span> <span class='ocrx_word' id='word_1_20' title='bbox 766 789 885 852; x_wconf 79' lang='lat' dir='ltr'><strong>nouas,</strong></span> <span class='ocrx_word' id='word_1_21' title='bbox 911 765 1113 851; x_wconf 70' lang='lat' dir='ltr'><strong>Menander,</strong></span> <span class='ocrx_word' id='word_1_22' title='bbox 1133 769 1213 836; x_wconf 79' lang='lat' dir='ltr'><strong>Phil·</strong></span> 
     </span>
     <span class='ocr_line' id='line_1_7' title="bbox 294 881 1213 973; baseline -0.005 -18"><span class='ocrx_word' id='word_1_23' title='bbox 294 888 455 973; x_wconf 86' lang='lat' dir='ltr'><strong>lppides,</strong></span> <span class='ocrx_word' id='word_1_24' title='bbox 491 883 680 972; x_wconf 78' lang='lat' dir='ltr'><strong>Diphilus,</strong></span> <span class='ocrx_word' id='word_1_25' title='bbox 719 881 915 969; x_wconf 82' lang='lat' dir='ltr'><strong>Philemon,</strong></span> <span class='ocrx_word' id='word_1_26' title='bbox 964 885 1213 966; x_wconf 86' lang='lat' dir='ltr'><strong>Apollodorus:</strong></span> 
     </span>
     <span class='ocr_line' id='line_1_8' title="bbox 296 997 1214 1084; baseline 0 -18"><span class='ocrx_word' id='word_1_27' title='bbox 296 1000 478 1082; x_wconf 67' lang='lat' dir='ltr'><strong>Historias,</strong></span> <span class='ocrx_word' id='word_1_28' title='bbox 510 997 719 1083; x_wconf 88' lang='lat' dir='ltr'><strong>Herodotus,</strong></span> <span class='ocrx_word' id='word_1_29' title='bbox 749 997 984 1083; x_wconf 71' lang='lat' dir='ltr'><strong>Thucydides,</strong></span> <span class='ocrx_word' id='word_1_30' title='bbox 1015 999 1214 1084; x_wconf 85' lang='lat' dir='ltr'><strong>Xenophon,</strong></span> 
     </span>
     <span class='ocr_line' id='line_1_9' title="bbox 296 1113 1212 1202; baseline 0 -18"><span class='ocrx_word' id='word_1_31' title='bbox 296 1113 557 1202; x_wconf 80' lang='lat' dir='ltr'><strong>Theopompus,</strong></span> <span class='ocrx_word' id='word_1_32' title='bbox 579 1115 759 1200; x_wconf 89' lang='lat' dir='ltr'><strong>Ephorus,</strong></span> <span class='ocrx_word' id='word_1_33' title='bbox 781 1117 963 1198; x_wconf 87' lang='lat' dir='ltr'><strong>Philistus,</strong></span> <span class='ocrx_word' id='word_1_34' title='bbox 983 1117 1212 1200; x_wconf 78' lang='lat' dir='ltr'><strong>Anaximntor&#39;,</strong></span> 
     </span>
     <span class='ocr_line' id='line_1_10' title="bbox 292 1229 1214 1315; baseline -0.001 -15"><span class='ocrx_word' id='word_1_35' title='bbox 292 1230 534 1315; x_wconf 82' lang='lat' dir='ltr'><strong>Callisthenes,</strong></span> <span class='ocrx_word' id='word_1_36' title='bbox 554 1229 764 1298; x_wconf 84' lang='lat' dir='ltr'><strong>Clitarchust</strong></span> <span class='ocrx_word' id='word_1_37' title='bbox 789 1229 969 1313; x_wconf 78' lang='lat' dir='ltr'><strong>Oratores,</strong></span> <span class='ocrx_word' id='word_1_38' title='bbox 992 1231 1106 1298; x_wconf 81' lang='lat' dir='ltr'><strong>docem·</strong></span> <span class='ocrx_word' id='word_1_39' title='bbox 1136 1233 1214 1299; x_wconf 86' lang='lat' dir='ltr'><strong>Atti·</strong></span> 
     </span>
     <span class='ocr_line' id='line_1_11' title="bbox 292 1339 1205 1430; baseline -0.004 -14"><span class='ocrx_word' id='word_1_40' title='bbox 292 1339 349 1430; x_wconf 80' lang='lat' dir='ltr'><strong>ci,</strong></span> <span class='ocrx_word' id='word_1_41' title='bbox 379 1346 570 1430; x_wconf 87' lang='lat' dir='ltr'><strong>Antiphon,</strong></span> <span class='ocrx_word' id='word_1_42' title='bbox 608 1346 816 1428; x_wconf 79' lang='lat' dir='ltr'><strong>Andocides,</strong></span> <span class='ocrx_word' id='word_1_43' title='bbox 847 1343 1000 1430; x_wconf 82' lang='lat' dir='ltr'><strong>Lysias,</strong></span> <span class='ocrx_word' id='word_1_44' title='bbox 1029 1347 1205 1423; x_wconf 69' lang='lat' dir='ltr'><strong>normes,</strong></span> 
     </span>
     <span class='ocr_line' id='line_1_12' title="bbox 292 1451 1212 1546; baseline -0.007 -16"><span class='ocrx_word' id='word_1_45' title='bbox 292 1451 426 1544; x_wconf 83' lang='lat' dir='ltr'><strong>isaeus,</strong></span> <span class='ocrx_word' id='word_1_46' title='bbox 444 1459 645 1543; x_wconf 81' lang='lat' dir='ltr'><strong>Aeschines,</strong></span> <span class='ocrx_word' id='word_1_47' title='bbox 663 1455 857 1546; x_wconf 75' lang='lat' dir='ltr'><strong>Lycurgus,</strong></span> <span class='ocrx_word' id='word_1_48' title='bbox 872 1461 1123 1538; x_wconf 82' lang='lat' dir='ltr'><strong>Demosthenes,</strong></span> <span class='ocrx_word' id='word_1_49' title='bbox 1141 1461 1212 1546; x_wconf 82' lang='lat' dir='ltr'><strong>Hy·</strong></span> 
     </span>
     <span class='ocr_line' id='line_1_13' title="bbox 292 1567 1211 1665; baseline 0 -24"><span class='ocrx_word' id='word_1_50' title='bbox 292 1575 441 1662; x_wconf 81' lang='lat' dir='ltr'><strong>pericles,</strong></span> <span class='ocrx_word' id='word_1_51' title='bbox 471 1569 679 1644; x_wconf 82' lang='lat' dir='ltr'><strong>Dinarchus:</strong></span> <span class='ocrx_word' id='word_1_52' title='bbox 719 1574 936 1665; x_wconf 76' lang='lat' dir='ltr'><strong>Philosophi,</strong></span> <span class='ocrx_word' id='word_1_53' title='bbox 963 1567 1079 1658; x_wconf 86' lang='lat' dir='ltr'><strong>Plato,</strong></span> <span class='ocrx_word' id='word_1_54' title='bbox 1102 1577 1211 1642; x_wconf 81' lang='lat' dir='ltr'><strong>Xeno·</strong></span> 
     </span>
     <span class='ocr_line' id='line_1_14' title="bbox 290 1690 1211 1776; baseline 0.002 -18"><span class='ocrx_word' id='word_1_55' title='bbox 290 1693 417 1776; x_wconf 90' lang='lat' dir='ltr'><strong>phon,</strong></span> <span class='ocrx_word' id='word_1_56' title='bbox 449 1691 659 1772; x_wconf 84' lang='lat' dir='ltr'><strong>Aeschines,</strong></span> <span class='ocrx_word' id='word_1_57' title='bbox 687 1690 914 1772; x_wconf 87' lang='lat' dir='ltr'><strong>Aristoteles,</strong></span> <span class='ocrx_word' id='word_1_58' title='bbox 954 1691 1211 1776; x_wconf 77' lang='lat' dir='ltr'><strong>Theophrastus.</strong></span> 
     </span>
     <span class='ocr_line' id='line_1_15' title="bbox 289 1804 1213 1892; baseline -0.001 -18"><span class='ocrx_word' id='word_1_59' title='bbox 289 1805 338 1874; x_wconf 92' lang='lat' dir='ltr'><strong>At</strong></span> <span class='ocrx_word' id='word_1_60' title='bbox 363 1806 416 1873; x_wconf 91' lang='lat' dir='ltr'><strong>hic</strong></span> <span class='ocrx_word' id='word_1_61' title='bbox 443 1807 523 1874; x_wconf 90' lang='lat' dir='ltr'><strong>ordo</strong></span> <span class='ocrx_word' id='word_1_62' title='bbox 545 1808 610 1892; x_wconf 88' lang='lat' dir='ltr'><strong>jam</strong></span> <span class='ocrx_word' id='word_1_63' title='bbox 636 1804 749 1888; x_wconf 86' lang='lat' dir='ltr'><strong>illum,</strong></span> <span class='ocrx_word' id='word_1_64' title='bbox 771 1819 809 1872; x_wconf 89' lang='lat' dir='ltr'><strong>ut</strong></span> <span class='ocrx_word' id='word_1_65' title='bbox 832 1804 983 1872; x_wconf 79' lang='lat' dir='ltr'><strong>credibile</strong></span> <span class='ocrx_word' id='word_1_66' title='bbox 999 1821 1079 1890; x_wconf 86' lang='lat' dir='ltr'><strong>est,</strong></span> <span class='ocrx_word' id='word_1_67' title='bbox 1097 1808 1131 1872; x_wconf 88' lang='lat' dir='ltr'><strong>im</strong></span> <span class='ocrx_word' id='word_1_68' title='bbox 1151 1825 1213 1873; x_wconf 90' lang='lat' dir='ltr'><strong>mo·</strong></span> 
     </span>
     <span class='ocr_line' id='line_1_16' title="bbox 291 1919 1214 2004; baseline -0.005 -15"><span class='ocrx_word' id='word_1_69' title='bbox 291 1921 368 1990; x_wconf 89' lang='lat' dir='ltr'><strong>dum</strong></span> <span class='ocrx_word' id='word_1_70' title='bbox 385 1919 425 1986; x_wconf 87' lang='lat' dir='ltr'><strong>ab</strong></span> <span class='ocrx_word' id='word_1_71' title='bbox 439 1919 660 2004; x_wconf 70' lang='lat' dir='ltr'><strong>Aristophane</strong></span> <span class='ocrx_word' id='word_1_72' title='bbox 683 1933 714 1985; x_wconf 92' lang='lat' dir='ltr'><strong>et</strong></span> <span class='ocrx_word' id='word_1_73' title='bbox 738 1919 933 1986; x_wconf 78' lang='lat' dir='ltr'><strong>Aristarcho</strong></span> <span class='ocrx_word' id='word_1_74' title='bbox 952 1921 1176 2004; x_wconf 84' lang='lat' dir='ltr'><strong>constinstos,</strong></span> <span class='ocrx_word' id='word_1_75' title='bbox 1195 1921 1214 1984; x_wconf 79' lang='lat' dir='ltr'><strong>l</strong></span> 
     </span>
     <span class='ocr_line' id='line_1_17' title="bbox 288 2032 1213 2121; baseline 0 -19"><span class='ocrx_word' id='word_1_76' title='bbox 288 2037 431 2121; x_wconf 89' lang='lat' dir='ltr'><strong>posteris</strong></span> <span class='ocrx_word' id='word_1_77' title='bbox 453 2035 546 2102; x_wconf 88' lang='lat' dir='ltr'><strong>etiam</strong></span> <span class='ocrx_word' id='word_1_78' title='bbox 574 2035 709 2106; x_wconf 86' lang='lat' dir='ltr'><strong>aliorum</strong></span> <span class='ocrx_word' id='word_1_79' title='bbox 729 2032 913 2100; x_wconf 87' lang='lat' dir='ltr'><strong>nominibus</strong></span> <span class='ocrx_word' id='word_1_80' title='bbox 929 2033 1130 2120; x_wconf 85' lang='lat' dir='ltr'><strong>Scriptorum</strong></span> <span class='ocrx_word' id='word_1_81' title='bbox 1154 2055 1213 2102; x_wconf 89' lang='lat' dir='ltr'><strong>au·</strong></span> 
     </span>
     <span class='ocr_line' id='line_1_18' title="bbox 290 2146 1208 2232; baseline -0.003 -14"><span class='ocrx_word' id='word_1_82' title='bbox 290 2167 387 2232; x_wconf 88' lang='lat' dir='ltr'><strong>ctus,</strong></span> <span class='ocrx_word' id='word_1_83' title='bbox 411 2149 456 2218; x_wconf 89' lang='lat' dir='ltr'><strong>ita</strong></span> <span class='ocrx_word' id='word_1_84' title='bbox 474 2149 508 2215; x_wconf 90' lang='lat' dir='ltr'><strong>in</strong></span> <span class='ocrx_word' id='word_1_85' title='bbox 521 2146 716 2216; x_wconf 79' lang='lat' dir='ltr'><strong>Oratoribus</strong></span> <span class='ocrx_word' id='word_1_86' title='bbox 740 2147 963 2216; x_wconf 88' lang='lat' dir='ltr'><strong>auctoritatem</strong></span> <span class='ocrx_word' id='word_1_87' title='bbox 987 2149 1147 2231; x_wconf 88' lang='lat' dir='ltr'><strong>obtinuit,</strong></span> <span class='ocrx_word' id='word_1_88' title='bbox 1170 2163 1208 2215; x_wconf 91' lang='lat' dir='ltr'><strong>ut</strong></span> 
     </span>
     <span class='ocr_line' id='line_1_19' title="bbox 289 2263 1210 2348; baseline -0.004 -16"><span class='ocrx_word' id='word_1_89' title='bbox 289 2281 358 2332; x_wconf 88' lang='lat' dir='ltr'><strong>uon</strong></span> <span class='ocrx_word' id='word_1_90' title='bbox 389 2267 454 2332; x_wconf 89' lang='lat' dir='ltr'><strong>uisi</strong></span> <span class='ocrx_word' id='word_1_91' title='bbox 476 2267 582 2334; x_wconf 86' lang='lat' dir='ltr'><strong>decem</strong></span> <span class='ocrx_word' id='word_1_92' title='bbox 609 2265 656 2334; x_wconf 92' lang='lat' dir='ltr'><strong>illi</strong></span> <span class='ocrx_word' id='word_1_93' title='bbox 682 2265 872 2333; x_wconf 85' lang='lat' dir='ltr'><strong>haberentur</strong></span> <span class='ocrx_word' id='word_1_94' title='bbox 897 2266 1049 2346; x_wconf 79' lang='lat' dir='ltr'><strong>classici,</strong></span> <span class='ocrx_word' id='word_1_95' title='bbox 1069 2263 1210 2348; x_wconf 85' lang='lat' dir='ltr'><strong>reliqui,</strong></span> 
     </span>
     <span class='ocr_line' id='line_1_20' title="bbox 288 2376 1212 2464; baseline -0.001 -18"><span class='ocrx_word' id='word_1_96' title='bbox 288 2391 321 2446; x_wconf 85' lang='lat' dir='ltr'><strong>tt</strong></span> <span class='ocrx_word' id='word_1_97' title='bbox 340 2376 517 2462; x_wconf 74' lang='lat' dir='ltr'><strong>Oratores,</strong></span> <span class='ocrx_word' id='word_1_98' title='bbox 540 2396 572 2447; x_wconf 91' lang='lat' dir='ltr'><strong>et</strong></span> <span class='ocrx_word' id='word_1_99' title='bbox 588 2380 723 2449; x_wconf 88' lang='lat' dir='ltr'><strong>omnino</strong></span> <span class='ocrx_word' id='word_1_100' title='bbox 741 2379 950 2464; x_wconf 62' lang='lat' dir='ltr'><strong>Scriptores,</strong></span> <span class='ocrx_word' id='word_1_101' title='bbox 969 2381 1111 2446; x_wconf 83' lang='lat' dir='ltr'><strong>inillam</strong></span> <span class='ocrx_word' id='word_1_102' title='bbox 1131 2379 1212 2446; x_wconf 88' lang='lat' dir='ltr'><strong>ordi·</strong></span> 
     </span>
     <span class='ocr_line' id='line_1_21' title="bbox 288 2492 1209 2577; baseline -0.008 -14"><span class='ocrx_word' id='word_1_103' title='bbox 288 2513 360 2564; x_wconf 83' lang='lat' dir='ltr'><strong>nem</strong></span> <span class='ocrx_word' id='word_1_104' title='bbox 391 2511 458 2559; x_wconf 90' lang='lat' dir='ltr'><strong>nou</strong></span> <span class='ocrx_word' id='word_1_105' title='bbox 480 2495 638 2575; x_wconf 78' lang='lat' dir='ltr'><strong>assumti,</strong></span> <span class='ocrx_word' id='word_1_106' title='bbox 661 2495 813 2576; x_wconf 86' lang='lat' dir='ltr'><strong>paulatim</strong></span> <span class='ocrx_word' id='word_1_107' title='bbox 832 2495 933 2577; x_wconf 71' lang='lat' dir='ltr'><strong>uulgo</strong></span> <span class='ocrx_word' id='word_1_108' title='bbox 954 2495 989 2560; x_wconf 88' lang='lat' dir='ltr'><strong>iu</strong></span> <span class='ocrx_word' id='word_1_109' title='bbox 1015 2492 1209 2558; x_wconf 75' lang='lat' dir='ltr'><strong>oblivionem</strong></span> 
     </span>
     <span class='ocr_line' id='line_1_22' title="bbox 293 2601 1212 2691; baseline -0.004 -15"><span class='ocrx_word' id='word_1_110' title='bbox 293 2609 438 2691; x_wconf 87' lang='lat' dir='ltr'><strong>abirent,</strong></span> <span class='ocrx_word' id='word_1_111' title='bbox 474 2625 534 2674; x_wconf 86' lang='lat' dir='ltr'><strong>nto</strong></span> <span class='ocrx_word' id='word_1_112' title='bbox 573 2607 640 2674; x_wconf 89' lang='lat' dir='ltr'><strong>nisi</strong></span> <span class='ocrx_word' id='word_1_113' title='bbox 679 2607 886 2674; x_wconf 89' lang='lat' dir='ltr'><strong>eruditiorum</strong></span> <span class='ocrx_word' id='word_1_114' title='bbox 922 2601 1212 2676; x_wconf 74' lang='lat' dir='ltr'><strong>Grammaticorum</strong></span> 
     </span>
     <span class='ocr_line' id='line_1_23' title="bbox 289 2721 1211 2808; baseline -0.005 -17"><span class='ocrx_word' id='word_1_115' title='bbox 289 2721 536 2806; x_wconf 86' lang='lat' dir='ltr'><strong>Rhetorurnque</strong></span> <span class='ocrx_word' id='word_1_116' title='bbox 565 2722 752 2808; x_wconf 84' lang='lat' dir='ltr'><strong>cognitione</strong></span> <span class='ocrx_word' id='word_1_117' title='bbox 776 2722 961 2806; x_wconf 90' lang='lat' dir='ltr'><strong>studiisque</strong></span> <span class='ocrx_word' id='word_1_118' title='bbox 986 2723 1211 2803; x_wconf 77' lang='lat' dir='ltr'><strong>redncrcntor,</strong></span> 
     </span>
     <span class='ocr_line' id='line_1_24' title="bbox 290 2836 1209 2924; baseline -0.007 -18"><span class='ocrx_word' id='word_1_119' title='bbox 290 2857 388 2906; x_wconf 88' lang='lat' dir='ltr'><strong>suum</strong></span> <span class='ocrx_word' id='word_1_120' title='bbox 404 2837 467 2918; x_wconf 84' lang='lat' dir='ltr'><strong>sibi</strong></span> <span class='ocrx_word' id='word_1_121' title='bbox 483 2837 639 2924; x_wconf 90' lang='lat' dir='ltr'><strong>judicium</strong></span> <span class='ocrx_word' id='word_1_122' title='bbox 657 2837 883 2920; x_wconf 86' lang='lat' dir='ltr'><strong>sequentium,</strong></span> <span class='ocrx_word' id='word_1_123' title='bbox 908 2853 940 2902; x_wconf 87' lang='lat' dir='ltr'><strong>et</strong></span> <span class='ocrx_word' id='word_1_124' title='bbox 954 2855 1022 2904; x_wconf 91' lang='lat' dir='ltr'><strong>non</strong></span> <span class='ocrx_word' id='word_1_125' title='bbox 1041 2837 1149 2903; x_wconf 89' lang='lat' dir='ltr'><strong>minus</strong></span> <span class='ocrx_word' id='word_1_126' title='bbox 1172 2836 1209 2901; x_wconf 90' lang='lat' dir='ltr'><strong>ah</strong></span> 
     </span>
     <span class='ocr_line' id='line_1_25' title="bbox 290 2951 1211 3035; baseline -0.002 -17"><span class='ocrx_word' id='word_1_127' title='bbox 290 2953 434 3018; x_wconf 82' lang='lat' dir='ltr'><strong>exclusis</strong></span> <span class='ocrx_word' id='word_1_128' title='bbox 451 2961 545 3034; x_wconf 88' lang='lat' dir='ltr'><strong>quant</strong></span> <span class='ocrx_word' id='word_1_129' title='bbox 565 2951 708 3018; x_wconf 89' lang='lat' dir='ltr'><strong>classicis</strong></span> <span class='ocrx_word' id='word_1_130' title='bbox 724 2955 864 3035; x_wconf 83' lang='lat' dir='ltr'><strong>exempla</strong></span> <span class='ocrx_word' id='word_1_131' title='bbox 888 2952 1107 3019; x_wconf 86' lang='lat' dir='ltr'><strong>sumentium:</strong></span> <span class='ocrx_word' id='word_1_132' title='bbox 1131 2971 1211 3034; x_wconf 88' lang='lat' dir='ltr'><strong>quo·</strong></span> 
     </span>
     <span class='ocr_line' id='line_1_26' title="bbox 287 3063 1206 3151; baseline -0.003 -18"><span class='ocrx_word' id='word_1_133' title='bbox 287 3079 358 3134; x_wconf 87' lang='lat' dir='ltr'><strong>rum</strong></span> <span class='ocrx_word' id='word_1_134' title='bbox 381 3070 548 3134; x_wconf 72' lang='lat' dir='ltr'><strong>enumero</strong></span> <span class='ocrx_word' id='word_1_135' title='bbox 565 3065 629 3131; x_wconf 88' lang='lat' dir='ltr'><strong>fuit</strong></span> <span class='ocrx_word' id='word_1_136' title='bbox 646 3065 798 3151; x_wconf 83' lang='lat' dir='ltr'><strong>Gorgias.</strong></span> <span class='ocrx_word' id='word_1_137' title='bbox 828 3063 962 3132; x_wconf 90' lang='lat' dir='ltr'><strong>Omisso</strong></span> <span class='ocrx_word' id='word_1_138' title='bbox 983 3065 1206 3150; x_wconf 86' lang='lat' dir='ltr'><strong>Antiphonte,</strong></span> 
     </span>
     <span class='ocr_line' id='line_1_27' title="bbox 289 3167 1208 3267; baseline -0.01 -15"><span class='ocrx_word' id='word_1_139' title='bbox 289 3179 413 3267; x_wconf 83' lang='lat' dir='ltr'><strong>dequo</strong></span> <span class='ocrx_word' id='word_1_140' title='bbox 430 3167 520 3249; x_wconf 77' lang='lat' dir='ltr'><strong>antea</strong></span> <span class='ocrx_word' id='word_1_141' title='bbox 539 3185 595 3267; x_wconf 92' lang='lat' dir='ltr'><strong>(a.</strong></span> <span class='ocrx_word' id='word_1_142' title='bbox 621 3181 743 3266; x_wconf 82' lang='lat'><strong>17⁶5·)</strong></span> <span class='ocrx_word' id='word_1_143' title='bbox 766 3183 896 3248; x_wconf 90' lang='lat' dir='ltr'><strong>doctum</strong></span> <span class='ocrx_word' id='word_1_144' title='bbox 913 3181 1065 3264; x_wconf 84' lang='lat' dir='ltr'><strong>juvenem</strong></span> <span class='ocrx_word' id='word_1_145' title='bbox 1080 3179 1208 3247; x_wconf 83' lang='lat' dir='ltr'><strong>Petrum</strong></span> 
     </span>
     <span class='ocr_line' id='line_1_28' title="bbox 287 3294 1210 3382; baseline -0.002 -18"><span class='ocrx_word' id='word_1_146' title='bbox 287 3307 351 3364; x_wconf 83' lang='lat' dir='ltr'><strong>van</strong></span> <span class='ocrx_word' id='word_1_147' title='bbox 376 3299 506 3382; x_wconf 87' lang='lat' dir='ltr'><strong>Spaan,</strong></span> <span class='ocrx_word' id='word_1_148' title='bbox 537 3295 621 3362; x_wconf 85' lang='lat' dir='ltr'><strong>cdit&#39;t</strong></span> <span class='ocrx_word' id='word_1_149' title='bbox 646 3294 804 3381; x_wconf 82' lang='lat' dir='ltr'><strong>singulari</strong></span> <span class='ocrx_word' id='word_1_150' title='bbox 830 3295 1054 3363; x_wconf 81' lang='lat' dir='ltr'><strong>dissertatione</strong></span> <span class='ocrx_word' id='word_1_151' title='bbox 1081 3297 1210 3382; x_wconf 76' lang='lat'><strong>(54),</strong></span> 
     </span>
     <span class='ocr_line' id='line_1_29' title="bbox 292 3407 1210 3500; baseline -0.003 -22"><span class='ocrx_word' id='word_1_152' title='bbox 292 3411 511 3500; x_wconf 87' lang='lat' dir='ltr'><strong>disputantem</strong></span> <span class='ocrx_word' id='word_1_153' title='bbox 540 3407 610 3493; x_wconf 90' lang='lat' dir='ltr'><strong>ipse</strong></span> <span class='ocrx_word' id='word_1_154' title='bbox 628 3425 751 3492; x_wconf 87' lang='lat' dir='ltr'><strong>praeses</strong></span> <span class='ocrx_word' id='word_1_155' title='bbox 770 3410 980 3493; x_wconf 80' lang='lat' dir='ltr'><strong>produxeratt</strong></span> <span class='ocrx_word' id='word_1_156' title='bbox 1005 3411 1132 3478; x_wconf 73' lang='lat' dir='ltr'><strong>omIsso</strong></span> <span class='ocrx_word' id='word_1_157' title='bbox 1156 3407 1210 3496; x_wconf 85' lang='lat' dir='ltr'><strong>igi·</strong></span> 
     </span>
    </p>
   </div>
   <div class='ocr_carea' id='block_1_4' title="bbox 290 3523 1210 3702">
    <p class='ocr_par' dir='ltr' id='par_1_4' title="bbox 290 3523 1242 3702">
     <span class='ocr_line' id='line_1_30' title="bbox 290 3523 1210 3614; baseline -0.004 -20"><span class='ocrx_word' id='word_1_158' title='bbox 290 3525 346 3594; x_wconf 71' lang='lat' dir='ltr'><strong>iur</strong></span> <span class='ocrx_word' id='word_1_159' title='bbox 368 3527 595 3614; x_wconf 88' lang='lat' dir='ltr'><strong>Antiphonte,</strong></span> <span class='ocrx_word' id='word_1_160' title='bbox 623 3523 817 3604; x_wconf 89' lang='lat' dir='ltr'><strong>Oratoruut,</strong></span> <span class='ocrx_word' id='word_1_161' title='bbox 848 3539 988 3606; x_wconf 79' lang='lat' dir='ltr'><strong>quorum</strong></span> <span class='ocrx_word' id='word_1_162' title='bbox 1020 3525 1145 3608; x_wconf 85' lang='lat' dir='ltr'><strong>scripta</strong></span> <span class='ocrx_word' id='word_1_163' title='bbox 1174 3527 1210 3590; x_wconf 91' lang='lat' dir='ltr'><strong>ln</strong></span> 
     </span>
     <span class='ocr_line' id='line_1_31' title="bbox 1173 3639 1209 3702; baseline -0.278 2"><span class='ocrx_word' id='word_1_164' title='bbox 1173 3639 1209 3702; x_wconf 92' lang='lat' dir='ltr'><strong>il.</strong></span> 
     </span>
    </p>
   </div>
   <div class='ocr_carea' id='block_1_5' title="bbox 166 3805 1241 3890">
    <p class='ocr_par' dir='ltr' id='par_1_5' title="bbox 166 3805 1241 3890">
     <span class='ocr_line' id='line_1_32' title="bbox 166 3805 1241 3890; baseline -0.014 -8"><span class='ocrx_word' id='word_1_165' title='bbox 166 3807 170 3812; x_wconf 36' lang='lat'>⁵</span> <span class='ocrx_word' id='word_1_166' title='bbox 292 3829 295 3836; x_wconf 80' lang='grc'>’</span> <span class='ocrx_word' id='word_1_167' title='bbox 327 3809 415 3888; x_wconf 74' lang='lat'>(54)</span> <span class='ocrx_word' id='word_1_168' title='bbox 436 3813 660 3890; x_wconf 84' lang='lat' dir='ltr'><strong>Disputationenr</strong></span> <span class='ocrx_word' id='word_1_169' title='bbox 680 3825 803 3871; x_wconf 89' lang='lat' dir='ltr'><strong>recusam</strong></span> <span class='ocrx_word' id='word_1_170' title='bbox 824 3805 926 3885; x_wconf 77' lang='lat' dir='ltr'><strong>adiecit</strong></span> <span class='ocrx_word' id='word_1_171' title='bbox 939 3807 1073 3875; x_wconf 80' lang='lat' dir='ltr'><strong>Reisklus</strong></span> <span class='ocrx_word' id='word_1_172' title='bbox 1094 3809 1212 3871; x_wconf 72' lang='lat' dir='ltr'><strong>editiori</strong></span> <span class='ocrx_word' id='word_1_173' title='bbox 1240 3857 1241 3876; x_wconf 57' lang='lat'><strong>,</strong></span> 
     </span>
    </p>
   </div>
   <div class='ocr_carea' id='block_1_6' title="bbox 287 3921 932 3996">
    <p class='ocr_par' dir='ltr' id='par_1_6' title="bbox 287 3921 932 3996">
     <span class='ocr_line' id='line_1_33' title="bbox 287 3921 932 3996; baseline -0.008 -10"><span class='ocrx_word' id='word_1_174' title='bbox 287 3925 438 3986; x_wconf 79' lang='lat' dir='ltr'><strong>oratorum</strong></span> <span class='ocrx_word' id='word_1_175' title='bbox 455 3922 618 3985; x_wconf 86' lang='lat' dir='ltr'><strong>Atticorum</strong></span> <span class='ocrx_word' id='word_1_176' title='bbox 645 3923 713 3986; x_wconf 87' lang='lat' dir='ltr'><strong>Vol.</strong></span> <span class='ocrx_word' id='word_1_177' title='bbox 729 3921 799 3994; x_wconf 92' lang='lat' dir='ltr'><strong>Vll,</strong></span> <span class='ocrx_word' id='word_1_178' title='bbox 817 3937 847 3996; x_wconf 87' lang='lat' dir='ltr'><strong>p.</strong></span> <span class='ocrx_word' id='word_1_179' title='bbox 864 3935 932 3996; x_wconf 81' lang='lat'>795.</span> 
     </span>
    </p>
   </div>
   <div class='ocr_carea' id='block_1_7' title="bbox 0 0 1258 4712">
    <p class='ocr_par' dir='ltr' id='par_1_7' title="bbox 0 0 1258 4712">
     <span class='ocr_line' id='line_1_34' title="bbox 0 0 1258 4712; baseline 0 3"><span class='ocrx_word' id='word_1_180' title='bbox 0 0 1258 4712; x_wconf 95' lang='lat' dir='ltr'><strong> </strong></span> 
     </span>
    </p>
   </div>
  </div>
 </body>
</html>
