2470 4724
190 299 323 378 naun
356 299 403 376 o.
439 297 781 372 nunntnnu.
892 293 985 390 stt-
1047 393 1058 404 ‚

37 489 117 565 too
133 492 242 578 ipsum
262 491 374 558 adone
390 484 642 568 Ruhnkeuium,
665 497 702 552 ut
716 503 776 553 noa
793 483 865 572 ipae
875 477 966 576 prae·

41 609 135 678 amaia
151 623 184 675 et
203 609 384 674 amicorum
401 621 496 692 opera
519 602 642 687 aliquid
672 606 829 674 momenti
842 609 884 672 ad
899 607 965 677 em·

36 726 181 794 ciendum
209 719 415 805 propositum
453 713 602 785 adferret.
655 716 877 786 Ruhnkeoius
904 721 965 786 mi·

36 859 119 922 nuo,
143 855 239 922 quam
257 835 332 920 quio
349 847 480 919 putet‚·
498 831 616 916 cupide
643 833 865 900 conditionem
885 835 971 900 atti·

37 958 101 1040 pit.
145 955 287 1022 Primum
310 965 444 1019 noverat
468 948 720 1018 Hematerhunio
743 969 970 1020 successorem

36 1087 71 1138 et
97 1069 239 1138 omnium
264 1067 416 1152 opinione
434 1065 611 1150 destinari,
634 1080 666 1132 et
684 1068 755 1135 suin
778 1067 900 1148 meritis
915 1070 971 1136 de·

41 1187 134 1270 beri,
158 1184 429 1267 Valckenarium,
452 1182 483 1250 ai
510 1181 640 1266 quidem
662 1183 758 1250 veliet
775 1185 970 1272 auceedere,

39 1327 175 1394 eumque
198 1310 238 1376 ad
259 1327 326 1376 eam
348 1309 549 1376 voluntatem
573 1323 609 1372 aa
631 1321 721 1390 spem
737 1305 800 1391 jam
821 1306 897 1374 oiim
913 1309 972 1376 ad·

38 1428 171 1498 ductum
194 1425 306 1493 'fuisse
332 1423 526 1506 quibusdam
552 1421 789 1492 Hemsterhuaii
813 1422 973 1490 aemoni-

41 1543 114 1611 bun.
161 1541 284 1610 Deinde
301 1541 390 1624 quod
411 1538 463 1604 hie
487 1538 551 1622 ipsi
577 1538 757 1620 suadebat,
790 1533 827 1605 nt
852 1539 973 1609 interea

43 1659 157 1725 saitem
175 1654 324 1746 Lectorin
345 1653 465 1720 Graeci
477 1671 606 1721 munere
617 1652 804 1739 iungeretur
815 1653 892 1721 dum
904 1651 977 1722 Ou.

42 1769 242 1853 dendorpiun
277 1770 420 1852 viveret,
453 1769 547 1850 eique
573 1769 744 1852 aliquando
771 1770 805 1836 in
822 1771 978 1840 eatheun

43 1885 266 1954 Historiarum
284 1899 316 1952 et
336 1885 557 1966 Eloquentiae
567 1887 767 1968 succederem
785 1902 909 1969 gratum
925 1907 978 1956 ae·

42 2020 242 2091 ceptumque
267 2003 295 2072 ei
323 2019 389 2073 erat
413 2005 454 2074 eie
488 2007 694 2104 suecesaione
722 2009 757 2075 in
786 2007 976 2078 Oudendor·
1082 2067 1084 2078 .

46 2122 92 2207 pii
117 2122 288 2203 cathedra,
316 2139 384 2190 nou
413 2120 490 2188 item
515 2137 553 2189 ut
576 2123 694 2192 interea
717 2123 856 2193 Graecas
881 2127 976 2196 habe·

45 2254 90 2305 tet
112 2237 245 2306 scholae
266 2239 307 2305 ad
325 2237 433 2306 brevio
461 2236 617 2320 temporis
642 2255 736 2306 uuum
767 2259 798 2308 et
825 2259 901 2310 mox
929 2261 975 2309 re·

48 2349 253 2451 linqueudas.
285 2351 421 2435 Accepit
436 2363 540 2417 nmen
557 2348 799 2436 conditionem,
816 2373 891 2422 cum
908 2356 976 2438 pio·

52 2484 113 2538 tate
136 2487 211 2556 erga
234 2467 542 2550 Hemsterhuaium‚
574 2481 642 2534 tum
665 2481 751 2536 certa
769 2473 977 2553 persuasione

47 2583 246 2672 praecipiens
265 2599 418 2668 quantum
441 2587 480 2652 ad
496 2585 636 2653 honores
652 2591 903 2671 consequendos
923 2609 978 2658 va·

47 2701 211 2771 letttiiiud
229 2703 267 2770 in
284 2701 383 2768 aculis
394 2705 514 2768 citium
527 2701 702 2781 hahitare,
719 2717 752 2766 et
764 2703 799 2768 in
816 2703 977 2773 minorum

45 2819 179 2888 untione
194 2821 360 2886 honorum
382 2817 518 2900 majores
543 2829 736 2896 exspectare.

84 2934 272 3004 Proviciatu
287 2931 438 2998 Lectorio
455 2929 653 2996 Graecarum
670 2926 877 3014 Littamum,
893 2951 980 3004 men·

45 3069 79 3118 ae
99 3054 251 3124 octobre
275 3070 360 3122 tono
384 3051 483 3136 huius
507 3049 628 3117 aaeeuli
659 3049 931 3135 quinquagesimo
947 3065 980 3120 et

44 3168 199 3252 neptium,
229 3165 417 3248 auspicatus
430 3177 482 3230 eat
493 3162 631 3231 noiemni
647 3163 793 3252 oratione
812 3163 853 3232 de
872 3165 980 3236 Grae·

45 3284 94 3345 eia
107 3285 236 3350 attieno
253 3291 286 3345 et
302 3277 528 3346 doctrinarum
544 3282 746 3364 amomum
764 3280 895 3349 materia
909 3299 981 3364 pet·

45 3396 193 3480 vulgata,
216 3393 278 3462 ned
303 3393 343 3460 ad
365 3393 553 3478 popularem
576 3393 774 3466 auditionem
799 3415 981 3469 automno*

45 3513 136 3598 tiata,
156 3515 336 3595 eademque
357 3511 446 3607 gravi
467 3529 525 3580 net
550 3531 701 3597 umquam
718 3513 799 3584 tatia
819 3517 982 3586 celebran-

50 3629 107 3698 da:
125 3639 272 3698 ceterum
288 3630 307 3695 i
321 3627 518 3695 Ruhnkenio
534 3645 574 3696 aa
591 3629 632 3696 iin
649 3629 732 3696 iotis
752 3630 869 3716 ducta,
893 3632 935 3701 iia
949 3649 982 3702 et
1107 3681 1110 3688 -

48 3748 251 3834 argumentis
273 3743 460 3814 confirmata
482 3759 514 3812 ea
540 3743 720 3814 luminibus
750 3743 926 3828 distincta,
944 3761 982 3814 ut

49 3861 142 3948 plane
157 3881 249 3936 nova
266 3879 326 3932 aee
344 3861 544 3946 iquoquam
560 3875 634 3930 aute
650 3875 723 3930 aum
739 3872 871 3929 tractata
894 3861 983 3928 vide·

938 3987 988 4038 ae·
