2470 4724
266 367 333 436 570
429 347 565 420 vlTA
605 343 650 420 D.
688 345 1013 422 munusculi.
1185 431 1186 510 1

262 548 415 606 triceno
442 533 580 621 alicujus
608 533 684 600 uon
708 535 820 605 mesu
844 541 1003 609 consutor
1024 553 1083 609 rm
1096 543 1158 610 rure
1185 511 1186 606 l

266 655 381 724 edendi
400 653 540 722 consilio
555 652 588 718 in
602 651 714 735 primis
729 656 988 724 accommodatos
1001 673 1067 722 esse
1078 655 1158 722 libros

261 768 461 856 grammatici
486 767 664 851 argumenti
680 767 903 842 arbitrabatur.
948 769 998 839 Ita
1013 770 1161 838 Valcken-

262 887 334 956 rius
348 887 531 954 adolescens
548 895 740 952 tractaverat
755 887 969 954 Ammonium
983 889 1023 954 de
1036 885 1158 954 Differen-

263 1006 323 1077 tiis
344 1007 612 1088 Vocabulorum,
639 1019 677 1071 ut
695 1015 727 1072 'et
753 1006 896 1092 egregiae
915 1006 1105 1078 fundamenta
1118 1006 1158 1074 do·

264 1123 385 1191 clrinae
399 1123 539 1207 jaceret,
562 1135 594 1186 et
612 1101 840 1189 eruditissimis
862 1123 1158 1192 animadversionibus

265 1237 510 1306 conscribendis
535 1238 744 1304 immortalem
771 1239 916 1308 nominis
941 1239 1054 1307 famam
1074 1255 1158 1304 conse·

265 1354 432 1436 queretur.
478 1353 529 1420 lta
549 1368 663 1438 postea
690 1353 782 1438 pari,
803 1369 859 1423 aut
875 1355 979 1424 simili
997 1371 1084 1433 certe,
1103 1353 1157 1418 lru·

262 1463 320 1540 c'tu
332 1517 354 1570 ,Ι
374 1471 547 1539 Piersouus
568 1469 745 1538 Moeridem
765 1471 983 1555 Atticlstam,
1014 1467 1150 1538 Bernardus

264 1589 427 1660 Tltomam
443 1587 661 1674 Magistrum,
683 1586 829 1655 Koenlua
847 1588 1046 1660 Corinthum
1059 1581 1154 1656 dellla·

265 1704 382 1789 lectis,
405 1719 616 1774 ornaverunt:
638 1705 844 1788 eamdemque
861 1723 994 1790 operam
1012 1698 1155 1774 Glossatlis

263 1821 495 1906 Hippocratels
511 1818 891 1907 destinaveratHeringa.
939 1823 1004 1890 Est
1017 1819 1156 1888 antemiu-

260 1937 407 2026 jusmodi
422 1936 611 2022 negotium,
633 1952 671 2004 ut
695 1952 752 2020 per
769 1939 838 2023 ejus
856 1939 918 2005 rite
934 1937 1084 2014 tractandi
1101 1951 1155 2000 tan·

265 2049 362 2136 duam
382 2053 500 2136 gradus
512 2053 721 2134 adolescens,
737 2052 790 2120 eui
805 2051 937 2136 quidem
956 2073 1014 2127 nec
1029 2051 1154 2138 ingenium

264 2172 487 2245 neceruditur
516 2170 620 2254 desit,
643 2171 684 2239 ad
700 2169 857 2254 insignem
875 2171 1041 2238 doctrinae
1057 2167 1155 2236 larulta

263 2303 329 2357 tem
342 2287 532 2354 adscendere
546 2287 670 2372 possit.
713 2283 879 2371 Primum,
902 2288 1035 2356 libellus
1048 2284 1154 2352 edendu

263 2395 358 2474 debet
371 2401 513 2468 conferri
527 2421 602 2472 cum
620 2403 693 2473 aliis
712 2404 867 2471 omnibus
883 2403 1116 2481 Grammaticis,
1130 2408 1154 2460 nt

263 2531 414 2606 appareat
429 2515 505 2600 quis
519 2518 654 2586 alterum
683 2535 815 2587 secutus
840 2521 909 2604 sit,
933 2523 1012 2605 quid
1026 2523 1062 2588 ab
1078 2536 1108 2584 eo
1119 2515 1155 2578 la·

264 2641 338 2707 beat
356 2658 392 2708 ac
410 2637 599 2722 retinuerit,
625 2639 696 2706 sive
719 2641 886 2725 omiserit,
923 2643 992 2714 siue
1013 2633 1152 2710 addiderit,

216 2783 220 2794 ·
264 2754 436 2838 quomodo
456 2753 592 2819 alteret
609 2753 708 2819 altero
729 2755 958 2841 supplendus,
980 2759 1149 2838 interpretan-

248 2871 352 2954 dus,
372 2868 583 2953 corrigendus
599 2869 655 2938 sit.
701 2865 802 2953 Quod
820 2887 858 2940 ut
873 2873 1070 2940 utilissimam
1085 2861 1154 2932 labo

264 2987 387 3074 ingenii
411 2985 696 3066 exercitationem,
719 2984 762 3052 ita
788 3003 884 3054 tenue
906 3001 940 3054 et
958 2989 1152 3062 exileotcun

264 3094 306 3176 ad
331 3103 482 3174 editionis
508 3102 658 3184 laudem,
680 3119 749 3169 tum
777 3104 819 3171 ad
840 3104 975 3174 editoris
992 3106 1022 3171 iu
1040 3093 1152 3168 mettius

262 3239 486 3310 progressum.
530 3222 677 3289 Alterum
699 3239 750 3288 est
770 3222 872 3308 majus
890 3223 1011 3312 negotii
1025 3216 1101 3301 huius
1113 3203 1153 3273 of·

261 3337 401 3432 ficium,
421 3351 571 3408 accurata
595 3335 798 3421 Scriptorum
825 3337 950 3421 lectio,
971 3337 1056 3421 cujus
1075 3343 1099 3394 et
1111 3339 1151 3389 lle

261 3449 445 3560 cessitatem
471 3455 632 3542 imponit,
655 3468 687 3526 tt
710 3451 979 3539 iucundissimum
1002 3447 1150 3517 invitantu-

263 3549 359 3655 tum,
381 3574 625 3641 macerrimum
653 3569 918 3652 incitamentum,
940 3563 1058 3638 adhibet
1076 3555 1149 3645 probe

264 3689 532 3760 administrandae
549 3688 700 3754 editionis
719 3703 849 3757 munus.
894 3685 975 3752 Nam
991 3678 1074 3748 lectio
1086 3665 1148 3753 opti·

262 3818 390 3872 morum
407 3803 609 3887 Scriptorum
625 3819 699 3868 cum
717 3820 772 3884 per
788 3819 824 3868 se
837 3801 880 3868 sit
891 3795 1083 3868 suauissima,
1097 3793 1186 3848 wll

267 3919 437 3996 suavitatis
455 3918 483 3988 ol
499 3918 593 4007 quasi
617 3921 786 4044 cumulum
804 3915 937 4007 adlicit
927 3911 1059 3990 rascatio
1071 3910 1151 3970 20'2·
