2438 4718
57 335 66 361 ,
131 297 403 424 enormem
425 297 696 406 monuerunt.
717 307 796 382 vo.
809 309 840 384 ι.
883 325 963 420 ιιι1

25 485 108 564 Sunt
134 493 215 562 edeo
238 489 298 576 qui
320 489 490 573 nominc
480 507 514 558 ιιι
541 491 755 562 memorrndls
772 495 947 568 benefactis

25 623 173 692 termut,
196 609 231 674 in
248 607 410 674 erroribus
433 609 591 692 prodent,
616 623 654 676 ut
670 608 808 714 habeant
826 613 865 680 de
880 633 948 698 quo

24 724 241 808 triumphent.
286 722 465 790 Pessimum
486 741 612 840 genus,
636 737 672 790 ut
695 704 815 810 ingenii
833 727 951 796 doctri

22 861 150 926 noeque
164 845 315 932 penurie,
341 844 385 910 its
400 845 552 912 vanitatis
569 859 600 911 et
613 845 833 930 impudentire
845 847 951 914 abun·
986 845 990 856 '

20 960 156 1028 mutue
184 979 265 1044 quos
281 959 364 1028 brud
380 975 494 1028 temere
512 961 587 1044 quis
607 976 766 1050 pauperes
781 949 819 1029 ιἰι
833 947 952 1032 litera-

22 1089 62 1144 ια
84 1078 223 1144 eluiem
236 1061 335 1160 fure?
356 1077 509 1160 appellet.
539 1075 729 1164 ,Enimvero
754 1094 818 1161 qua
840 1079 952 1148 motic-

20 1193 90 1260 seia
119 1205 268 1275 posteros
297 1191 333 1258 in
367 1205 482 1258 nostro
515 1209 611 1276 opere
636 1192 754 1258 verstri
777 1208 948 1280 ιιριιιιιιιι,

16 1308 167 1376 eodem
157 1326 191 1374 ιιι
213 1307 360 1391 priorum
378 1306 566 1390 operibus
557 1307 620 1393 rpsi
644 1308 763 1376 verstri
783 1309 947 1382 debemus.

24 1424 95 1505 At,
119 1419 192 1507 qui
201 1435 270 1488 non
295 1438 392 1486 suum
415 1434 449 1486 et
475 1421 644 1506 proprium
667 1442 773 1508 opus,
796 1415 853 1494 sed
875 1417 951 1494 ulie·

26 1555 101 1604 num
118 1553 156 1604 uc
175 1547 359 1619 surreptum
374 1523 547 1620 relinquit,
569 1525 867 1622 illrmposrsrirrtis
880 1529 953 1610 vin·

28 1655 144 1722 tiletum
171 1669 240 1719 non
268 1667 406 1722 veretur.
461 1653 621 1738 Equidem
643 1656 807 1742 priorum,
827 1657 956 1729 Editio·

29 1789 96 1855 nes,
132 1763 330 1854 versiones,
362 1775 610 1858 montuosum,
633 1795 715 1860 quus
741 1763 870 1861 quidem
897 1780 955 1848 hi·

33 1885 108 1974 bui,
134 1906 172 1955 er
186 1907 252 1972 qur
267 1888 360 1972 dixi,
378 1887 534 1956 modestia
550 1890 707 1960 trucuvis
727 1905 759 1958 ct
776 1911 859 1976 quus
874 1903 959 1962 noti·

30 2007 99 2074 dum
123 2005 293 2088 haberem,
314 2020 352 2072 ut
373 2005 575 2074 nanciscerer
591 2024 720 2092 οριιιιιι
736 1997 822 2078 dedi.
868 2009 955 2080 Num

34 2142 132 2206 quum
167 2123 231 2192 alie
263 2122 396 2192 edicone
422 2123 524 2192 officia
547 2109 759 2209 probabiliter
778 2113 961 2212 explevisse

34 2241 113 2308 mibi
145 2239 292 2324 uiderer,
320 2239 414 2308 nolui
439 2238 502 2308 hoc
538 2242 638 2308 unum
671 2241 840 2352 negligere.
894 2241 959 2312 sed

35 2375 135 2442 quum
160 2357 389 2444 intelligerem,
412 2357 524 2425 multis
550 2357 629 2427 mibi
650 2375 690 2426 ex
714 2341 774 2426 illo
791 2369 959 2466 genere·
919 2347 959 2426 ii·

31 2475 96 2544 bris
120 2473 414 2560 eumdumius,
445 2494 485 2542 eo
513 2476 635 2562 mugis
632 2477 770 2561 {operuln
792 2459 889 2558 deb,
918 2491 959 2544 ut

36 2595 192 2680 plurimos
220 2593 428 2678 optimosque
444 2581 575 2662 codices
596 2581 739 2676 sctrptos
763 2607 854 2660 unten
876 2610 960 2662 nou·

39 2714 108 2779 dum
125 2709 294 2778 adhibitos
312 2709 346 2778 iu
363 2727 457 2776 usum
477 2721 692 2776 converterem
711 2719 829 2776 meum.
853 2695 960 2804 ,cum

39 2849 96 2912 que
117 2831 197 2896 item
231 2825 465 2910 intelligerem,
500 2841 605 2906 neque
632 2822 784 2890 codicum
819 2843 962 2908 quornm

42 2945 144 3011 vellem
164 2941 308 3010 omnium
324 2939 453 3024 copiam
473 2935 554 3003 mihi
571 2935 736 3019 intutum,
757 2944 862 3022 neque
881 2955 964 3022 quae

41 3061 240 3130 soliemnem
259 3058 367 3128 omnis
381 3069 419 3124 et
434 3056 605 3126 codicibus
622 3055 687 3142 peti
704 3075 823 3141 possee
842 3076 881 3126 eo
896 3077 963 3128 nra·
1069 3091 1072 3096 -

42 3175 134 3262 iorem
151 3189 287 3270 eurem,
310 3171 524 3254 industriam,
546 3169 763 3240 assiduitatem
791 3173 827 3238 iu
846 3189 886 3240 co
905 3191 965 3256 po·

46 3289 114 3372 eui,
139 3307 176 3360 ut
199 3289 444 3359 Emendationis
470 3303 568 3372 etque
596 3277 874 3372 interpretationis
906 3307 965 3363 co·

45 3405 115 3488 pire
132 3423 202 3474 meo
219 3403 290 3489 ipse
307 3409 521 3488 consequerer
540 3417 576 3470 ιι
596 3405 823 3486 locupletarem
840 3407 963 3480 studio.

45 3516 116 3605 Quo
131 3523 263 3610 quidem
286 3519 395 3588 studio
415 3538 464 3587 me
480 3519 603 3604 aliquid
619 3515 820 3604 profecisse,
835 3519 966 3592 affirma·

46 3649 75 3700 re
97 3637 165 3722 ipse
183 3659 252 3710 non
278 3637 416 3709 dubitoe
448 3653 610 3724 qurntum
637 3637 848 3724 profecerim,
877 3643 968 3714 docti

47 3743 174 3824 Ιιιιοιιι
198 3754 407 3840 judicabunt.
934 3785 939 3790 ·

83 3864 153 3942 linc
174 3886 227 3942 tot
242 3889 399 3942 mnorum
419 3885 504 3958 opus
523 3869 653 3952 qmnso
672 3871 737 3960 ium
756 3887 795 3942 eo
813 3869 973 3968 pudori,

515 3983 572 4056 Ee
933 3993 975 4056 ιι
