2388 4714
156 323 724 413 aemmommunnurum:
739 325 815 410 vo.
833 314 862 414 r.
905 349 1018 431 mo·

55 521 158 605 olant,
181 521 340 592 continuo
356 519 544 594 sententiam
572 519 606 590 in
626 519 798 602 publicum
818 527 976 618 prodant,

53 637 155 721 specie
178 655 329 723 pavum,
353 655 387 703 re
413 637 535 719 leuem,
558 653 626 710 eant
654 649 759 704 tamur
787 657 881 720 quam
907 646 978 711 vulo

52 769 109 836 gns
133 766 301 835 sequatur,
353 753 508 837 cogitent
544 751 665 834 quibua
698 751 881 842 rationibus
909 755 978 822 ani·

52 885 134 938 urum
152 867 336 948 instruant,
359 881 396 933 ut
413 883 577 935 contemta
596 865 720 962 uulgari
741 865 899 951 gloriola,
923 887 978 938 so·

46 979 80 1056 lo
94 999 130 1048 sc
152 995 304 1062 tueantur
319 1001 497 1066 paucorum
516 985 690 1066 petitorum
711 1001 747 1048 ac
766 983 976 1065 prudentium

49 1095 186 1163 virorum
202 1097 354 1181 judicio,
377 1105 513 1182 ejusque
536 1097 651 1186 judicii
673 1095 834 1179 minimam
857 1115 983 1182 partem

48 1229 211 1296 praesente
237 1226 360 1295 actare,
393 1197 561 1296 plurimam
590 1211 803 1294 sequentibus
838 1216 977 1282 saeculis

51 1327 202 1404 contineri
229 1341 384 1404 statuant,
431 1329 610 1413 Cogitent,
633 1343 738 1393 veram
767 1327 889 1400 laudem
909 1336 980 1410 lton

51 1443 180 1510 insama
208 1455 240 1508 et
265 1441 423 1510 sermonis
447 1441 629 1508 celebritate
654 1441 793 1525 positam
808 1459 900 1542 esse,
922 1445 978 1518 sed

51 1558 205 1640 infructu
230 1558 286 1641 qui
305 1577 343 1636 cx
366 1575 480 1626 nostro
501 1557 608 1624 labore
632 1557 671 1634 acl
696 1555 778 1624 alios
797 1555 975 1644 redundat,

52 1673 122 1757 qni,
146 1674 303 1757 quamvis
331 1674 435 1758 ignoti
462 1689 492 1739 et
515 1672 627 1750 taciti,
651 1672 748 1738 tacite
767 1671 883 1742 editori
906 1691 978 1757 gra-

49 1787 116 1855 tiam
145 1790 287 1856 habeant
312 1789 351 1864 de
374 1787 534 1860 Auctoris
572 1784 783 1870 intelligentia
809 1789 916 1868 aperta
943 1801 976 1866 et

49 1901 186 1982 faciliore
214 1905 350 1986 reddita,
397 1900 484 1982 Tum
514 1902 640 1979 demum
666 1901 782 1978 bonam
810 1917 901 1983 spem
935 1903 975 1970 de

52 2037 199 2088 successu
226 2017 358 2086 consilii
382 2017 433 2094 aui
466 2016 616 2101 capiant,
649 2033 749 2099 quum
783 2015 838 2082 illa
867 2016 976 2092 omnia

51 2135 131 2218 apud
163 2154 200 2202 se
236 2133 482 2218 reputaverint.
511 2131 756 2216 perpenderint,
794 2131 975 2200 constitue·

51 2248 132 2315 sinte
162 2268 289 2334 quum,
313 2247 468 2333 neglectis
495 2246 645 2314 clamosis
671 2245 875 2334 exactoribus
895 2265 973 2331 opes

50 2360 115 2442 ris,
136 2363 169 2432 in
194 2377 348 2446 suscepto
374 2360 486 2428 itinere
508 2375 695 2430 constanter
718 2376 875 2448 pergant,
898 2360 971 2428 urile

51 2492 85 2550 ce
110 2477 172 2563 jam
207 2477 292 2546 illud
325 2475 508 2548 Ennianum
535 2491 568 2558 et
602 2479 677 2546 istis
710 2492 904 2572 opponant,
939 2487 972 2554 et

54 2589 110 2659 sibi
128 2605 338 2680 proponant²

88 2795 178 2864 Unus
198 2801 257 2887 qui
278 2795 366 2866 nobit
387 2797 567 2866 cunctando
589 2801 739 2866 restituit
761 2817 855 2883 πως

91 2911 167 2996 Non
180 2915 319 3002 ponebat
340 2917 422 2980 enim
439 2933 585 2980 rumores
606 2927 683 2990 enee
703 2909 862 2993 salutem

90 3025 178 3120 llrgo
188 3045 322 3126 postque
336 3034 501 3118 magisque
513 3031 583 3110 uiri
595 3048 681 3106 nune
693 3027 806 3114 gloria
820 3025 941 3106 oleret.
961 3043 966 3050 ·
