2508 4712
247 277 320 369 650‘
413 274 551 350 vita
586 271 631 346 D.
672 269 1003 388 RUHNKENII.

252 491 324 544 anien
350 467 386 538 in
414 483 450 534 ea
475 463 673 548 assequenda
694 461 903 550 praecipuum
927 461 1079 546 quodum
1094 481 1167 530 san·

249 597 535 674 diumpnsuera13
565 583 665 668 igitur
691 583 725 650 in
754 581 926 664 scribendo
953 598 1059 662 neque
1076 597 1166 648 rurae

250 714 391 780 multum
416 725 521 790 neque
553 705 707 790 temporis
735 705 922 772 formandae
954 707 1165 790 amandasque

251 823 393 894 orationi
425 822 611 902 tribuebat,
651 821 759 888 verbis
790 823 894 906 magis
926 822 1103 890 unionibus
1136 843 1171 892 tc

252 941 389 1030 poeticis
404 955 498 1020 quam
522 939 666 1024 propriis
683 953 714 1004 et
737 937 868 1007 usitatis
885 939 1125 1024 delectabatur,
1142 959 1170 1010 et

251 1056 449 1142 compositio
470 1053 537 1122 fere
556 1055 634 1123 dura
654 1055 873 1139 impeditaque
897 1055 1031 1140 exibat3
1063 1061 1116 1126 aix
1139 1076 1170 1127 ut

251 1177 416 1256 crederes,
447 1187 567 1239 tantam
597 1171 631 1238 in
661 1191 701 1240 eo
722 1191 793 1240 esse
819 1173 941 1258 ingenii
967 1175 1168 1248 celeritatem.

251 1293 325 1362 Huc
348 1290 519 1362 accedebat
541 1287 601 1356 alia
629 1289 809 1359 diversitas.
854 1290 1107 1375 Valckenarius,
1135 1314 1168 1363 ut

251 1407 354 1497 magis
368 1407 461 1474 etiam
478 1405 743 1474 Hematerhusius
756 1405 979 1490 factitavarat,
994 1411 1104 1476 multos
1118 1413 1160 1477 le·

252 1528 346 1612 gebat
363 1523 537 1593 hodiernos
558 1521 685 1605 libros,
709 1537 742 1591 et
760 1521 910 1608 Belgicus
929 1539 961 1590 et
982 1527 1153 1596 Francicus:

248 1641 467 1710 Ruhnkenius
492 1639 586 1708 etiam
612 1638 767 1723 Italicos,
799 1641 985 1724 anglicos,
1008 1643 1161 1712 Germani.

249 1763 339 1844 c'os,
370 1760 426 1827 sed
459 1757 700 1843 paucissimos,
731 1776 789 1826 noe
815 1755 882 1828 fere
907 1760 975 1828 ulai
1006 1781 1084 1846 eos,
1113 1766 1163 1848 qui

250 1897 324 1944 cum
340 1877 446 1961 ipsius
462 1873 665 1958 professione
681 1875 848 1962 conjuncti
870 1893 1006 1962 essent,
1028 1879 1119 1964 idque
1136 1895 1163 1947 et

248 1985 389 2063 breviter
414 2008 446 2062 et
469 1993 633 2076 celeriter,
655 2011 714 2062 nee
741 1995 781 2062 ad
802 1993 875 2062 illas
901 1993 1035 2078 linguas
1051 1998 1159 2064 discen

246 2115 329 2196 das‚
352 2113 408 2180 sed
431 2113 542 2179 adres
570 2111 835 2197 cognoscendast
866 2111 885 2180 b
909 2107 1098 2180 Germanice
1114 2112 1155 2176 lo·

206 2317 213 2344 ⁵
249 2232 368 2312 quendi
382 2228 533 2296 facultate
544 2230 753 2311 desueverat,
775 2227 920 2311 Belgicae
936 2229 1155 2315 Francicauque

246 2349 376 2432 linguae
393 2348 548 2411 hactenus
566 2360 771 2426 assueverat,
803 2359 963 2426 quatenus
991 2347 1068 2415 satis
1084 2362 1157 2414 essct

247 2465 287 2534 ad
311 2461 534 2547 quotidianum
567 2463 652 2526 vitae
685 2460 866 2528 communis
896 2479 1017 2530 usumz
1044 2481 1152 2530 omnem

247 2581 407 2654 scribendi
430 2577 623 2664 diligentiam
649 2581 683 2648 in
708 2601 770 2648 una
793 2583 937 2665 ponebat
963 2584 1070 2654 Latina
1089 2605 1152 2651 ora·

245 2696 356 2765 tlonet
376 2711 406 2760 et
423 2713 496 2760 curn
515 2695 569 2761 illa
592 2698 849 2780 consuetudine,
871 2711 943 2766 tum
963 2721 1024 2770 sua
1037 2719 1151 2786 natura,

246 2813 281 2879 id
305 2819 501 2878 consecutus
525 2825 596 2894 est,
617 2827 675 2894 ut,
699 2815 790 2896 quod
814 2815 859 2880 ab·
878 2817 974 2885 initio
1008 2820 1154 2897 ditium,

247 2925 401 2992 immunis
425 2925 464 2990 ab
482 2925 581 3009 hujus
606 2929 724 2993 saeculi
748 2929 839 3010 labe,
863 2949 955 2998 aurea
982 2931 1154 3000 Latinarum

248 3059 348 3110 aetate
372 3041 552 3108 Literarum
578 3043 612 3109 in
636 3043 733 3114 Latio
748 3064 844 3115 natus
862 3047 1098 3132 institutusque
1114 3049 1155 3114 ri-

244 3161 384 3227 deretur.
778 3143 780 3150 ⁴

290 3277 353 3342 Sed
371 3275 446 3339 haec
463 3285 527 3338 erat
543 3291 651 3339 eornm
669 3272 701 3339 in
717 3273 851 3356 scriptis
865 3274 1054 3346 diversitas:
1065 3277 1155 3347 onnia

247 3389 432 3457 indicendo
456 3405 487 3453 et
512 3387 744 3472 agendoaliter
764 3390 968 3472 apparebant.
1016 3393 1157 3459 Ruhnke-

247 3505 293 3572 nii
312 3504 470 3573 excellens
487 3503 643 3570 orationis
666 3503 769 3569 virtus
788 3505 896 3572 minus
912 3507 1156 3588 agnoscebatur:

247 3643 316 3694 uon
340 3625 443 3690 deerat
468 3621 609 3705 dignitas
634 3621 666 3689 in
695 3621 843 3706 corporis
866 3619 995 3704 forma,
1031 3624 1155 3699 babitu,

251 3753 365 3824 gestu,
387 3755 501 3805 motu:
532 3741 659 3806 aderant
683 3737 816 3802 laterum
842 3737 950 3819 vires,
980 3757 1049 3804 vox
1070 3737 1154 3802 etiam

247 3855 353 3923 aderat
369 3855 474 3935 ampla
495 3871 569 3928 cuut
594 3853 709 3922 robure
726 3867 757 3918 et
779 3853 924 3937 impetus
945 3853 1051 3920 demat
1072 3849 1157 3918 vocis

1107 3983 1153 4032 ss-
