2470 4724
271 287 346 379 „a
452 277 592 354 urna
616 283 662 356 n.
690 279 1014 360 nonnannrt.

274 460 378 546 ratur.
421 471 469 540 dc
489 487 555 540 erat
580 472 644 540 lroc
658 472 858 554 eloquentiae
874 477 1051 560 propriant,
1069 475 1152 546 ders

274 594 401 662 miuus
418 609 524 674 nore,
543 590 685 657 detritis
702 591 883 674 exquisite,
904 591 1012 660 dicere.
1051 591 1088 661 lit
1103 611 1154 661 rec

277 709 392 778 videor
405 708 556 776 affirmare
572 726 693 791 posse,
718 709 801 776 hanc
824 711 955 794 primaru
972 728 1042 796 poat
1054 715 1152 796 lungun

278 825 448 908 tempusa
474 822 624 889 cathedra
648 823 803 892 auditorii
829 827 1084 912 Lugduuobatari
1105 845 1153 894 uec

282 939 484 1017 moenem,
505 937 625 1020 idest,
650 957 733 1032 quae
745 956 778 1006 et
798 939 985 1009 Latinitatis
999 958 1028 1008 et
1040 943 1154 1025 eloquar·

281 1057 346 1124 tiae
367 1051 477 1122 officio
501 1051 723 1136 satisfaceret,
752 1070 831 1124 tunc
857 1059 996 1126 habitan
1021 1079 1098 1140 csse,
1121 1075 1154 1138 tt,

281 1171 369 1248 land
384 1169 486 1238 dubio
501 1169 647 1240 omniurn
662 1171 722 1238 hac
737 1172 829 1238 laude
846 1173 1033 1259 dignarum,
1053 1187 1111 1240 autc
1120 1170 1155 1236 la·

281 1285 420 1354 laltarunt
448 1285 627 1370 principem
659 1289 836 1360 exstitisse.
889 1291 989 1378 Quod
1017 1292 1095 1374 quale
1112 1289 1155 1370 sit,

280 1400 367 1470 nfra
382 1401 576 1470 videbimus.

328 1520 464 1588 scholas
481 1519 595 1584 habuit
613 1515 778 1601 bifariam,
801 1519 1043 1607 interpretandis
1055 1517 1155 1600 scripto·

281 1639 375 1708 ribus
398 1640 449 1706 vel
472 1638 594 1722 sacris,
618 1637 729 1707 Lucae
751 1638 935 1726 Evangelio
957 1656 988 1708 et
1010 1643 1100 1720 Actis,
1120 1633 1155 1702 utl

281 1761 451 1841 classicis,
475 1761 638 1840 Homero,
660 1759 896 1844 Xenophonte,
918 1762 1001 1829 aliis.
1041 1761 1156 1837 Urnaque

281 1881 330 1948 ita
347 1879 505 1958 habebat,
526 1891 563 1942 ut
579 1877 775 1960 Scriptorem
795 1878 865 1961 ipse
881 1879 996 1964 legeret
1009 1891 1036 1944 et
1048 1877 1157 1955 irrepta

285 2011 430 2078 uretur,
454 2013 524 2062 turn
543 1996 583 2061 ad
600 1998 692 2062 locos
712 1995 906 2063 difficiliores
923 1999 1044 2062 dictaret
1054 1988 1156 2058 ninid

283 2115 452 2186 versiones
466 2115 505 2180 dc
520 2113 666 2196 scriptae
678 2113 723 2178 ita
739 2111 932 2180 factitabant
949 2085 1154 2179 llensterltusius

282 2249 319 2300 et
341 2228 616 2312 Oudendorplus,
639 2226 858 2294 inoleverant
883 2224 1076 2299 Burmannus,
1091 2211 1157 2280 leri·

282 2351 426 2446 nonies,
449 2343 638 2424 Gronovii‚
660 2357 694 2408 et
711 2344 824 2409 caeteri
841 2343 876 2409 in
895 2344 951 2411 illa
966 2329 1156 2412 Acadeniatla·

284 2463 491 2546 niquondan
507 2459 583 2525 viri.
612 2459 702 2546 Quae
718 2461 799 2528 ratio
814 2480 917 2543 quurn
930 2449 1154 2528 Ruhnkenloiteal

280 2577 466 2668 placuerit,
496 2593 638 2657 cumque
664 2575 798 2664 omnino
818 2581 957 2646 multum
979 2573 1074 2642 referat
1091 2580 1155 2650 quau

284 2699 364 2786 uaris
388 2697 505 2764 doctor
532 2692 751 2762 iustitutionis
778 2694 864 2761 viam
898 2707 1040 2778 sequatur
1053 2691 1155 2769 ‚eque

288 2805 427 2896 tnulturn
453 2825 486 2890 in
513 2833 683 2900 utramque
701 2830 821 2902 partem
838 2821 880 2884 ud
904 2819 1044 2884 literattn
1060 2810 1113 2892 ejus
1125 2799 1154 2864 ri·

280 2957 351 3012 'nur
376 2923 708 3016 existimationemquc
735 2933 865 3016 valeat,
910 2949 941 3000 et
966 2925 1081 2998 valuerit
1100 2911 1155 3001 apud

283 3053 541 3134 Ruhnkeniunr3
565 3051 649 3116 haud
665 3049 801 3115 alienum
819 3049 837 3114 a
852 3067 885 3114 re
898 3059 1049 3133 praesente
1061 3026 1155 3104 esserl

278 3179 400 3257 aletur,
424 3171 458 3236 in
477 3183 549 3234 toto
576 3169 639 3232 hoc
658 3167 801 3234 dictandi
813 3167 945 3251 negotio
961 3162 1032 3248 quid
1045 3158 1157 3240 ipsespe·

275 3292 446 3370 creverit,
467 3285 582 3369 paucis
599 3300 737 3351 monere.

276 3423 282 3440 ·
332 3405 369 3472 st
393 3405 517 3474 ratione
541 3415 575 3467 ec
590 3401 708 3481 nodo,
732 3415 876 3484 tenpore
891 3411 922 3464 et
944 3399 1032 3476 loco,
1051 3391 1098 3470 lit,
1114 3375 1156 3446 sil

289 3525 444 3610 tnagistro
460 3522 499 3587 atl
515 3511 618 3604 ipsius
635 3533 667 3586 et
684 3518 916 3603 discipulorum
941 3520 1106 3600 progressus
1122 3511 1156 3562 ac·

276 3640 536 3718 commodatur,
559 3635 695 3720 perutile
711 3637 775 3702 hoc
797 3649 846 3702 est
863 3635 1004 3714 utrisque
1022 3620 1153 3708 negotiata

277 3752 493 3834 iliscipulis,
515 3753 644 3820 ineunte
660 3762 781 3831 aetate,
806 3767 868 3831 qua
886 3762 959 3815 sunt
974 3744 1033 3811 fere
1049 3732 1154 3824 plerique
1186 3759 1187 3818 l

290 3887 391 3958 quum
410 3871 451 3936 ad
463 3868 669 3938 Academicos
684 3865 868 3936 Literarunr
884 3862 1004 3933 scholas
1020 3849 1152 3926 accounts

269 3997 275 4012 '
1094 3965 1153 4026 llil>
