2470 4724
123 255 129 264 ’
232 299 298 384 err
405 289 543 364 vrrs
576 291 621 364 n.
659 289 993 369 unumunurn

235 479 412 550 bliotbecis
437 477 695 552 seorialensibus
716 499 753 550 ac
778 480 1028 575 Matritensibur
1058 502 1173 554 nara·

235 609 298 668 ret.
341 589 490 686 Quarum
517 613 585 677 quo
601 593 775 666 faciliorem
793 600 918 667 aditum
933 600 1079 682 haberet,
1102 605 1173 688 jam

235 731 312 780 cum
332 711 524 780 &ovorum
542 712 628 794 apud
647 711 813 798 Hispanos
836 716 946 800 iegato
966 731 1026 798 per
1041 717 1174 784 amicos

233 843 363 916 egerat,
385 831 506 912 atejus
521 827 727 895 incomitatu
743 845 775 898 et
794 829 917 898 familia
930 833 1044 900 iocum
1063 831 1175 900 hono

232 943 351 1012 nriun
370 939 542 1009 obtineret.
586 937 687 1010 Nunc
705 961 791 1012 anno
813 945 964 1014 Lutetiae
978 961 1174 1030 transacto,

234 1060 323 1130 videt
342 1057 560 1140 complurium
582 1059 676 1126 etiam
693 1077 849 1128 annorum
866 1081 954 1147 opus
970 1063 1099 1132 ibidem
1116 1085 1174 1132 su·

68 1165 74 1174 ⁵
151 1195 156 1203 '
227 1195 381 1264 peresset
405 1191 436 1242 et
452 1175 516 1262 jam
534 1188 659 1244 tantum
682 1193 885 1264 congesserat
900 1180 1176 1266 apographorum

233 1311 522 1380 acceptorumque
541 1312 712 1377 acervum,
735 1310 772 1360 ut
788 1313 861 1362 eum
877 1293 1024 1378 digerere
1039 1297 1174 1362 taudem

233 1429 267 1482 et
284 1413 323 1480 ad
341 1429 436 1478 usum
452 1407 599 1477 conferre
621 1423 764 1492 cuperet.
808 1410 930 1478 Iutuea
951 1409 1176 1478 Hemsteriru·

232 1531 306 1600 aius
322 1537 454 1612 quoque
467 1544 539 1594 cum
563 1545 619 1608 per
636 1525 743 1592 literas
761 1527 932 1611 monebat,
961 1541 1087 1612 tempos
1108 1545 1176 1594 ve·

233 1647 324 1718 uisse
339 1643 564 1728 adipiscendae
587 1644 773 1724 cathedrae,
794 1644 897 1710 nollet
923 1643 1051 1712 diutius
1073 1645 1178 1734 Lug·

233 1763 325 1836 duno
349 1761 483 1841 abesse,
506 1777 546 1826 ne
564 1757 649 1844 apud
666 1757 789 1826 amicos
807 1755 1020 1840 fautoresque
1034 1778 1120 1828 suos
1136 1761 1176 1830 iit

235 1879 433 1948 oblivionem
450 1875 593 1944 venirett
617 1876 815 1942 meminisset
832 1873 913 1956 quid
926 1873 1048 1941 Cicero
1064 1875 1086 1960 (
1095 1879 1177 1964 28)

235 1996 302 2066 eibi
318 1995 389 2078 ipse
408 1993 619 2080 subiecisset,
642 1990 805 2060 absentiae
819 1989 861 2056 ab
878 1988 960 2056 urbe
974 2008 1050 2056 suae
1063 1993 1179 2058 detri-

234 2127 343 2182 menta
360 2127 635 2178 commemorans:
660 2106 780 2176 faceret
800 2121 837 2172 ut
855 2107 889 2174 in
903 2107 1011 2176 oculis
1025 2125 1177 2178 suorum

233 2229 358 2297 ciuium
382 2229 562 2310 habitaret,
585 2241 621 2292 ut
639 2237 711 2293 eunt
731 2239 926 2310 praesentem
952 2223 1061 2307 potius
1079 2245 1180 2309 quo·

233 2345 315 2412 tidie
332 2346 502 2427 riderent,
525 2347 621 2429 quarn
639 2343 679 2412 de
695 2342 827 2412 absente
842 2342 1009 2410 audirent:
1034 2361 1099 2412 eos
1113 2367 1180 2414 au·

231 2477 284 2532 res
312 2458 512 2542 hebetiores,
536 2461 653 2528 ocutos
684 2479 771 2527 acres
788 2473 885 2542 atque
900 2475 1015 2528 acutos
1032 2461 1171 2536 babae.

229 2575 321 2660 Ergo
331 2571 492 2640 Batariaut
509 2571 554 2639 ita
569 2573 716 2656 repetiit,
731 2588 769 2639 ut
785 2592 842 2656 per
859 2575 1176 2666 prosterneres,

230 2693 284 2762 vel
303 2689 396 2758 aliam
413 2689 592 2760 uacationis
607 2690 920 2774 opportunitatem,
943 2691 1033 2760 breui
1062 2695 1177 2768 Lute-

228 2806 307 2874 tiam
332 2805 517 2893 rediturus,
538 2822 571 2880 et
597 2807 755 2891 reliquam
782 2805 889 2892 operis
907 2819 1030 2892 partem
1048 2811 1174 2880 conf&

226 2937 355 2994 cturus.

234 3088 237 3096 .
270 3035 445 3122 ignorabat
473 3037 578 3106 adhuc
613 3035 828 3108 Ruhnkenius
856 3037 936 3120 quid
962 3037 1045 3104 iilud
1078 3053 1175 3112 essct

228 3154 321 3241 quod
341 3150 607 3237 ¹Hemsterirusius
623 3156 740 3222 veliet:
764 3155 827 3221 hoc
847 3156 947 3222 redux
970 3155 1038 3239 iam
1064 3171 1107 3224 ex
1120 3173 1171 3224 eo

228 3265 343 3334 discit.
386 3265 420 3336 Is
434 3268 498 3353 jam
514 3285 631 3352 magno
648 3283 746 3348 natu,
765 3267 886 3334 tardior
900 3269 941 3336 ad
957 3268 1092 3356 scholas
1107 3270 1174 3338 ha·

211 3381 367 3465 .beudas‚
388 3381 539 3466 cupiebat
557 3383 619 3450 sibi
637 3385 688 3452 vel
704 3379 875 3450 suffici'rei
896 3384 1031 3469 adjungi
1042 3381 1171 3452 Ruhn-

226 3497 358 3569 keniuru
381 3497 512 3576 nomine
533 3498 704 3568 Lectorisa
726 3517 828 3584 caque
850 3501 890 3572 dc
907 3517 941 3566 rc
963 3501 1033 3585 ianr
1057 3515 1173 3584 eger-at

223 3627 301 3682 curu
322 3612 502 3684 Bentinkiis
521 3611 662 3699 aliisque
678 3611 885 3698 principibus
902 3613 1008 3683 uuus
1031 3613 1092 3683 sed
1108 3631 1172 3684 ro·

262 3895 354 3988 (ai)
374 3901 511 3966 Oratione
528 3922 583 3981 pro
603 3905 743 3979 Plancio,
760 3919 813 3986 αῖ.
