2506 4712
240 274 305 370 για
404 268 541 344 vrrs
578 267 624 340 u.
663 265 1003 343 turtureum

244 463 335 532 tibus
350 461 516 546 plerisque
529 456 644 524 vetetis
660 454 897 524 Normeuuitse
910 457 1091 527 irmionis
1103 479 1175 528 mc·

245 579 380 652 morium
410 593 556 642 revocare
581 573 722 640 solebat:
756 572 913 641 lustrrbst
942 573 1175 644 bibliothecam

110 715 114 724 ·
242 697 431 786 publicum,
460 693 533 777 lpso
556 705 720 776 prccscutc
743 689 963 759 Ruhnkeuiot
986 693 1047 776 qui
1076 713 1180 778 quum

245 783 328 884 eitn
344 810 466 881 scrinio
484 809 622 892 quodum
638 807 768 876 conditu
782 807 906 893 scripta
920 809 1065 895 Joscplti
1082 813 1183 880 Scrli·

249 933 316 1020 geri
333 926 618 1010 monstruret,iste
634 925 918 1010 exclusorium
928 940 977 993 est
988 929 1049 994 illc
1058 935 1182 998 sires·

247 1059 391 1136 sputans
401 1042 593 1127 judicium,
607 1043 752 1110 alludens
768 1045 839 1130 ejus
852 1047 1029 1129 sepulcrali
1042 1047 1183 1134 elogio,

247 1163 333 1236 serio
351 1177 459 1229 tumen
481 1159 704 1241 contendens,
725 1159 921 1242 Scaligenrm
944 1161 1118 1247 judicsndi
1135 1162 1188 1230 fa.

246 1281 367 1350 cultate
389 1274 540 1342 caruisse.
593 1271 810 1341 Ruhnkenius
839 1262 956 1342 s‘ubito
1022 1277 1185 1362 intonat,

246 1395 360 1480 Aufer
381 1407 413 1458 tc
433 1393 508 1456 him
523 1401 579 1455 tuo
595 1407 667 1454 cuns
687 1395 839 1477 stupore!
861 1387 962 1456 simtu
985 1393 1182 1474 cumulum

245 1510 359 1582 scrinii
375 1508 539 1593 impellens
558 1519 590 1572 et
607 1505 792 1574 occludens.
838 1505 972 1590 Homo,
995 1507 1089 1589 quod
1101 1525 1182 1577 turo

247 1632 279 1698 ei
300 1629 485 1710 accidebat,
517 1627 650 1693 territus
673 1623 766 1696 abiit.
819 1622 919 1692 Venit
940 1626 1007 1694 ulio
1031 1639 1187 1709 tenpore

248 1745 433 1818 Germano
457 1746 577 1830 aliquis
597 1745 789 1828 Professor,
811 1743 919 1814 miuus
941 1746 1075 1829 quidem
1102 1767 1186 1832 pro-

249 1885 310 1958 cur
334 1881 366 1932 et
396 1864 554 1932 molestus
574 1863 740 1944 moribus,
760 1863 867 1930 animo
883 1880 951 1930 uon
971 1865 1085 1933 minus
1103 1885 1185 1934 rett-

248 2001 367 2058 tosuss
388 1987 443 2052 hic
472 1985 491 2051 l
517 1983 714 2050 Ruhnkenio
739 1996 873 2068 petens,
897 1999 935 2049 ut
958 1983 1182 2054 bibliothecis

248 2104 402 2190 publicae
426 2101 618 2186 spectandae
642 2100 769 2181 cupium
788 2099 851 2164 sibi
868 2098 1007 2182 fuceret,
1030 2103 1179 2168 ntrrsbtt

250 2221 293 2288 dc
308 2219 480 2287 Germanis
495 2216 688 2300 quibusdum
703 2215 931 2282 eruditissimis
945 2217 1048 2299 viris,
1070 2221 1183 2288 erudi·
1241 2293 1242 2296 Ἴ

251 2334 432 2401 ditissimos
459 2333 534 2400 item
555 2331 657 2396 libros
673 2330 864 2399 Germanica
880 2334 992 2417 lingua
1007 2337 1185 2403 scribentl-

247 2451 324 2518 bus.
370 2440 437 2514 Cui
461 2445 696 2514 Ruhnkeniusc
721 2447 860 2514 Mallem
888 2453 944 2517 ilii
963 2455 1030 2521 uiri
1049 2455 1183 2524 Latine

249 2567 451 2646 scriberent,
473 2577 510 2629 ut
528 2559 709 2644 Gesneros,
733 2563 916 2650 Ernestus,
937 2570 1092 2656 Heyus'us,
1111 2595 1181 2662 quo

251 2685 355 2772 magis
387 2681 429 2750 ab
463 2683 585 2748 esteris
610 2681 807 2765 legerentur.
861 2681 950 2752 Tum
979 2687 1059 2756 ister
1089 2691 1183 2756 Tunc

250 2808 374 2882 etiam,
397 2819 415 2864 o
433 2797 529 2878 done,
551 2795 610 2862 illo
624 2801 661 2861 itt
677 2817 790 2863 errore
807 2797 914 2870 adhoc
930 2808 1101 2885 versaris,
1117 2807 1183 2875 hac

252 2921 394 3010 amplios
412 2929 521 2984 aelate
550 2915 675 2982 Latine
692 2914 891 2982 scribendum
908 2923 1003 2986 csse?
1023 2919 1182 2989 Ruhnke-

251 3031 329 3100 itius
354 3042 475 3095 tantam
499 3025 644 3093 hominis
670 3027 839 3094 venitatem
865 3029 1076 3117 indignatus,
1104 3055 1180 3104 curm

250 3147 409 3215 continuo
423 3143 558 3210 dimittit
569 3190 582 3224 ,
593 3141 700 3224 Vale,
718 3144 1044 3236 inquit,Professor;
1059 3171 1184 3240 qoam

252 3269 357 3335 allam
367 3261 609 3341 bibliothecam,
621 3259 677 3326 oli
687 3259 896 3329 Germanicos
907 3264 1007 3331 libros
1013 3271 1187 3350 invemat..

295 3380 404 3448 Multa
420 3378 491 3464 eius
509 3378 543 3444 iu
561 3377 689 3444 multos
703 3379 896 3446 exstiterunt
913 3381 1089 3453 beneficis:
1110 3405 1179 3458 non

252 3499 360 3566 solum
383 3495 418 3562 in
442 3511 504 3576 eo,
532 3511 600 3576 quo
623 3495 785 3576 diximus,
815 3514 951 3580 genere,
982 3514 1021 3565 ut
1047 3521 1181 3573 munere

253 3611 296 3682 iis
323 3610 532 3689 conciliaret,
555 3625 591 3673 sc
609 3607 653 3672 rei
679 3607 759 3674 benc
777 3610 928 3693 gerendae
946 3611 1070 3681 editum
1089 3633 1183 3700 pste-

253 3719 390 3798 'ltcerett
414 3743 473 3792 nec
499 3725 606 3791 solum
630 3723 663 3790 ln
687 3742 749 3807 eo,
773 3727 861 3809 quod
879 3727 984 3810 ipsius
1008 3735 1179 3818 proprium

252 3857 319 3915 erut
348 3855 481 3928 genus,
510 3853 548 3908 ut
582 3839 764 3910 literarum
800 3839 933 3912 scientio
967 3846 1185 3933 doctrinaque

1073 3966 1183 4056 mo,
