2438 4718
237 295 303 374 Μ
377 267 554 348 mmm.
574 263 640 342 m
661 261 886 343 tuotone
907 257 1028 340 rom

240 470 361 545 ritmo
377 479 534 532 metetur
554 461 639 546 Cap.
657 463 749 531 l.11.
768 465 831 530 Ill.
862 455 998 536 Transit
1014 459 1164 548 deimeept

243 587 328 668 Cap.
338 581 387 648 IV
389 630 400 648 .
415 582 455 647 td
467 583 597 662 druria
614 576 860 661 educantem,
876 581 949 664 Περὶ
965 581 1000 650 di
1014 587 1069 660 τῆς
1085 587 1164 659 ssa·

243 710 304 786 pule
322 702 373 768 ul
396 697 433 775 tl
451 696 584 766 unio.
629 695 746 779 Capite
761 695 806 763 V.
827 697 866 762 ad
887 699 1099 764 nutritionem
1117 715 1165 763 tc·

244 817 354 901 cedit,
375 815 447 898 mot
472 815 504 882 di
521 819 635 896 τροφῆς
654 813 798 897 ἐχόμενοι
822 815 862 882 ta
884 813 929 892 rin
947 813 1065 894 λέγειν·
1087 809 1167 878 forte

247 935 326 1018 quis
341 941 505 1015 exspectet
527 936 640 1019 spodio
653 935 777 1018 putri!
820 931 925 995 immo
941 941 993 994 est
1009 931 1104 1014 rupit
1120 933 1166 992 in·

238 1049 371 1136 soutt's,·
393 1047 488 1114 docet
499 1061 675 1133 praestare
690 1045 778 1112 natis
795 1065 817 1112 a
830 1043 1016 1127 matribus,
1038 1061 1169 1133 quanta

246 1164 449 1246 nutricibus,
482 1161 585 1230 ubera
608 1161 778 1251 praeberi.
831 1161 918 1228 Tum
948 1163 1062 1230 deiude
1089 1163 1168 1246 Cap.

247 1289 329 1354 vll.
346 1284 386 1351 ad
404 1295 533 1348 aetrtem
557 1281 782 1366 progreditur,
803 1301 871 1371 qua
884 1297 970 1368 puer
982 1281 1171 1368 paedagoge

248 1401 433 1482 tradatur,
456 1397 547 1482 quod
573 1415 620 1464 cst
643 1400 751 1484 ipsum
776 1403 920 1482 ἀγωγῆς·
950 1399 1037 1484 cuius
1065 1417 1174 1484 grama

250 1517 399 1588 naricam
429 1529 619 1598 potestrtem
653 1514 693 1581 ab
729 1515 795 1582 isto
822 1515 1020 1600 ignoratam,
1048 1533 1106 1584 mos
1136 1519 1176 1584 im

250 1631 598 1704 animadversionibus
631 1632 751 1715 aperire
779 1633 999 1700 studebimus.
1050 1633 1109 1700 Sed
1129 1632 1205 1702 itaw

252 1753 317 1818 huc
340 1765 372 1818 er
398 1750 476 1816 illuc
503 1744 612 1833 vagari
637 1764 749 1832 estne,
771 1767 839 1816 mon
864 1750 968 1816 dicam
995 1747 1177 1834 Plutarchi,

250 1871 309 1938 scd
330 1867 464 1936 ommino
488 1865 550 1932 riri
573 1851 773 1950 cogitateet
800 1865 852 1932 via
880 1863 1096 1949 disserentis,
1123 1879 1177 1938 met

252 1983 367 2068 potius
388 1980 482 2068 puerl
503 1995 619 2048 temere
638 1977 845 2048 oberrantis?

624 2167 700 2298 's
745 2231 779 2279 m

522 2441 576 2510 De
604 2443 914 2530 Argumemattone.

255 2691 259 2700 '
301 2680 600 2772 Argumentationis
629 2680 682 2750 vis
711 2694 743 2748 et
773 2679 911 2749 efficacia
942 2697 1025 2764 quae
1054 2679 1187 2752 existere

258 2801 368 2889 possit
383 2819 421 2866 ex
438 2796 597 2884 ejusmodi
613 2793 665 2864 via
688 2809 719 2862 et
737 2781 851 2862 itinere
867 2796 1119 2884 disputationis,
1141 2801 1187 2868 ta·

263 2921 326 2988 cile
352 2933 401 2984 est
425 2918 465 2984 ad
488 2909 743 2998 intelligendum.
789 2897 1008 2982 Sententio'lte
1028 2936 1099 2985 non
1116 2931 1187 2984 sunt

262 3037 451 3104 invenustae
476 3007 648 3117 singulae,
682 3033 739 3099 sed
766 3031 1006 3102 consarcinatae
1030 3031 1130 3104 mullo
1153 3035 1186 3104 ad

262 3155 508 3224 conclusionem
532 3163 612 3233 'apto
633 3167 729 3216 nexu.
775 3147 945 3231 Frequens
970 3149 1134 3235 digressio
1156 3151 1187 3220 td

258 3271 356 3340 locos
380 3281 567 3336 communes
584 3277 615 3330 et
634 3265 792 3333 rhetorica
810 3265 1011 3335 declamatio.
1061 3271 1126 3338 Sed
1147 3291 1186 3336 ra·

256 3383 390 3458 'tionum
415 3403 541 3469 nexus,
564 3399 603 3450 ut
628 3389 728 3467 saepe'
747 3383 819 3467 ipst
843 3385 993 3451 materiae
1020 3387 1058 3453 vl
1086 3405 1118 3456 et
1144 3407 1189 3455 nt·

257 3519 337 3574 tura
353 3517 506 3591 apparet,
521 3503 566 3569 ita
587 3519 605 3567 a
624 3499 783 3582 scriptore
808 3497 958 3565 turbatus
984 3517 1085 3587 saepe
1097 3551 1116 3586 „
1132 3522 1187 3570 sae·

255 3627 305 3708 'pe
324 3623 491 3706 quaesitus
506 3605 626 3703 ineptis
644 3615 798 3686 formulis
822 3632 854 3683 et
875 3621 1185 3706 comparationibus.

138 3727 141 3738 ¹
255 3723 461 3827 Huiusmodi
488 3755 556 3806 este

256 3867 262 3882 '
307 3861 395 3944 Cap.
413 3859 473 3926 lv.
491 3879 527 3944 p.
543 3875 576 3925 n.
594 3851 641 3924 F:
659 3851 810 3940 repetitio
825 3847 970 3940 ejusdem
986 3851 1057 3926 fere
1076 3854 1189 3925 formu·

298 3985 306 4000 ⁸
1150 3971 1189 4051 l*
