2438 4718
14 277 25 310 Ι

169 327 230 402 ns
251 319 515 399 suetonum
531 320 849 399 euucurtous.
900 333 975 420 49s

38 533 93 590 ete
117 517 277 602 agendum
295 515 415 594 ducat,
436 511 562 594 hasque
578 509 726 577 adhibeat
745 515 784 589 tia
801 517 973 604 inpupi-

38 663 89 708 ψ
113 636 219 719 μοίρᾳ·
251 631 325 695 item
360 630 393 694 in
419 627 600 729 oratoribus
629 629 686 710 qui
716 633 902 714 popularem
924 639 975 705 di.

38 769 121 822 tunt
146 749 364 829 concionem3
387 764 454 815 non
481 745 514 810 in
537 743 762 830 philosopho,
786 749 845 832 qui
871 770 905 819 se
926 773 976 821 ar.

37 883 232 956 gumentum
263 863 363 930 viaet
382 861 506 931 ratione
522 862 975 962 expliciturumprofiteatur.

35 982 131 1067 Cap.
147 979 252 1048 xvir.
276 998 310 1062 p.
332 999 381 1049 ια.
411 979 465 1046 D:
489 979 592 1050 Pueri
615 1001 637 1046 a
661 981 822 1050 maiorum
846 1006 978 1054 consue·

35 1098 158 1168 tudine
173 1097 333 1164 hominum
353 1109 430 1163 sunt
441 1095 650 1184 prohibendi.
697 1095 765 1164 Hoc
794 1115 827 1166 et
849 1099 976 1188 Pytha-

32 1233 142 1303 goras
152 1214 323 1300 praecepit
336 1227 400 1298 pes·
417 1215 627 1298 aenigmata,
640 1234 722 1300 quere
738 1236 793 1302 ego
811 1226 975 1306 apponatis

35 1343 69 1396 et
98 1321 288 1417 explicabo:
311 1325 362 1391 his
391 1325 508 1408 dictis,
530 1328 682 1412 deinceps
701 1349 817 1398 novem
835 1334 976 1420 subiuna

35 1447 84 1532 git
111 1444 265 1528 symbola
288 1440 524 1526 Pythagorica,
556 1461 694 1525 quorum
719 1447 879 1514 nonnisi
905 1451 974 1532 pri·

35 1581 128 1652 mum
151 1577 185 1628 et
206 1575 357 1642 quartum
380 1559 503 1624 adrem
524 1575 721 1642 praesentem
742 1563 902 1645 pertinet,
925 1583 980 1632 re·
1056 1555 1059 1562 ’

33 1681 131 1760 liqna
156 1673 266 1742 omnia
296 1673 396 1738 aliena
428 1687 517 1739 sunt.
571 1673 654 1754 Cap.
673 1674 760 1742 XIX.
789 1697 831 1758 p.
853 1695 905 1760 ¹3·
933 1677 978 1748 Fa

34 1791 269 1863 Adulescentes
285 1788 504 1874 uoluptatibus
529 1788 632 1856 dediti
661 1804 692 1856 et
719 1793 975 1878 reprehensioni-

33 1913 96 1980 bus
120 1911 229 1974 minus
253 1905 504 1994 obtemperantes
526 1909 733 1971 matrimonio
748 1914 975 1998 constringan-

37 2043 113 2094 tur:
130 2022 224 2115 quad
234 2036 281 2090 est
296 2023 488 2088 tutissimum
495 2021 682 2105 juventutis
697 2023 873 2093 uinculum.
897 2025 974 2096 Hos

36 2145 81 2214 ita
117 2138 316 2223 simpliciter
339 2153 545 2224 praeceptum
579 2138 680 2224 magis
714 2153 836 2223 pstrem
862 2161 880 2208 e
905 2143 973 2228 Cn·

39 2257 195 2336 moedis,
218 2271 313 2338 quam
339 2253 569 2337 Plutarchum,
592 2268 623 2322 et
647 2255 781 2325 omnino
807 2257 969 2328 hominem

40 2375 187 2460 cogitate
209 2371 250 2436 de
276 2371 348 2436 hnc·
363 2385 553 2456 argumento
578 2369 822 2454 praecipientem
840 2375 971 2446 deceatt

40 2501 177 2576 propter
192 2484 309 2552 multas
327 2501 409 2567 quas
428 2485 569 2553 bsecras
589 2484 685 2552 habet
697 2486 878 2560 cautiones.
902 2489 979 2557 Hu

41 2624 108 2670 rum
127 2606 193 2671 iste
210 2599 357 2680 unicum,
380 2617 512 2682 eamque
527 2598 667 2669 fortasse
684 2601 808 2670 minimi
827 2617 977 2674 trrornett·⁸

41 2721 88 2800 ti,
105 2715 253 2786 addidit:
276 2735 361 2781 uxor
377 2719 421 2780 sit
437 2713 592 2796 ejusmodi
609 2735 696 2802 quae
710 2721 870 2785 maritum
887 2719 979 2788 diuis

42 2838 96 2900 tiis
131 2847 164 2900 at
195 2829 364 2897 nobilitate
392 2831 522 2916 generis
553 2845 617 2894 stan
648 2821 786 2898 muletam
823 2847 979 2920 πυρετοῖς

43 2950 157 3034 quippe
174 2945 329 3035 puteales
354 2943 477 3014 ducunt
504 2961 644 3022 uxores,
668 2959 731 3007 non
760 2949 897 3027 mariti,
918 2947 979 3016 sed

43 3061 125 3130 dotis
150 3063 261 3142 serui,
278 3059 378 3142 fiunt.
426 3057 515 3142 Ergo
541 3057 630 3123 nulla
649 3057 770 3130 mentio
793 3059 830 3128 iit
852 3062 973 3149 animi,

42 3175 184 3260 ingenii,
216 3193 367 3255 morum,
397 3173 559 3246 uirtutum
589 3173 820 3259 muliebrium,
851 3179 982 3259 quibus

50 3289 193 3358 futuram
215 3289 484 3357 matremfamilias
510 3289 700 3356 instructam
730 3307 800 3356 esse
826 3305 975 3374 oporteta

47 3423 179 3488 quarum
199 3405 264 3474 nisi
280 3405 559 3486 rationabatur,
587 3420 676 3488 pater
695 3405 796 3473 titium
818 3407 985 3478 matrimo-¹

46 3520 102 3588 nio
125 3539 194 3590 uon
220 3519 382 3605 corrigat,
404 3521 463 3590 sed
478 3535 613 3604 nepotes
638 3537 769 3609 quaerat
792 3521 907 3592 iisdem
924 3527 989 3596 aio:

50 3633 102 3704 tiis
123 3635 304 3710 obnoxios.
