2508 4712
218 291 357 372 utra
395 219 821 364 emortuarum.
933 244 1007 388 ω
1085 332 1088 340 ,

45 489 129 575 las,
148 491 206 558 sed
221 477 325 556 bonae
342 481 448 568 frugis
465 483 588 566 plenas.
638 475 760 544 Rerum
775 475 1007 565 mterpetann,

52 606 240 677 ducebatur
265 600 305 668 ab
332 597 481 666 Historia
505 611 536 662 et
554 591 842 678 Antiquitatibus,
862 595 1006 681 eadent,u

50 745 126 808 qua
151 725 210 789 has
235 717 419 798 tractabat,
442 709 627 796 diligentia:
653 707 806 793 frequens
832 710 866 778 in
879 713 1003 796 primis.

53 853 129 908 erat
144 835 316 906 verborum
339 828 583 914 interpretatio,
605 845 670 909 qua
686 825 822 896 Latinae
836 828 1002 898 orationis

53 965 208 1042 potestas
224 963 257 1016 ct
271 965 375 1028 usus,
387 950 462 1012 cum
482 946 516 1012 in
536 945 674 1028 singulis
685 945 852 1029 uocibus,
873 959 943 1012 tum
958 946 1006 1016 in'

53 1071 262 1142 dictionibus
278 1079 310 1134 et
332 1063 597 1150 compositione,
620 1075 653 1128 et
665 1061 877 1146 ¹grammatica
896 1065 1001 1134 ratio·

54 1210 103 1262 ne
119 1185 354 1272 explicaretur,
372 1197 404 1248 et
419 1180 575 1264 exemplis
593 1183 744 1250 Veterum
759 1183 1002 1267 illustraretur,

52 1323 92 1376 et
109 1299 291 1389 praeceptis
306 1295 549 1382 observatisque
565 1296 769 1380 optimorum
783 1301 1001 1375 recentiorum

53 1419 318 1492 confirmaretur.
363 1414 464 1499 Igitur
488 1411 678 1482 fructuosae
702 1425 791 1481 erent
813 1414 873 1481 hoe
900 1415 1002 1482 acho«

56 1543 115 1607 lae
132 1553 204 1601 cum
222 1533 261 1598 ad
272 1526 513 1612 intelligentiam
529 1525 636 1610 ipsius
651 1525 830 1610 Auctoris,
841 1542 911 1592 tum
925 1527 1005 1594 uni«.

57 1667 162 1719 verse
177 1647 218 1712 ad
234 1661 336 1711 rerum
355 1640 520 1710 seientiam
539 1685 552 1722 ,
571 1641 732 1724 judicium
757 1657 791 1708 et
808 1639 1005 1731 facultatem

59 1766 207 1834 Latinae
231 1759 383 1829 orationis
407 1775 444 1824 ac
464 1756 642 1839 dictionis,
664 1759 884 1842 cognitionem
913 1758 1002 1842 opti·

60 1895 199 1951 morum
226 1875 433 1960 interpretum
455 1888 487 1940 et
511 1871 714 1958 Scriptorum
741 1877 780 1942 de
797 1873 1003 1954 Latinitate,

59 2017 200 2071 sensum
227 1996 365 2081 denique
386 1995 492 2080 pulcri
520 1995 714 2076 vetustique
739 2012 807 2063 non
824 2013 942 2081 vagum
967 2005 1003 2061 et

61 2137 188 2189 vanum
201 2116 280 2198 ,sed
294 2129 415 2180 certum
432 2127 464 2179 et
480 2113 608 2180 firmum
626 2114 646 2180 a
661 2125 750 2180 certo
763 2111 889 2198 judicio
903 2127 936 2179 et
948 2129 1004 2178 ace

62 2247 183 2300 curate
199 2229 402 2314 grammatica
420 2228 542 2293 ratione
559 2229 707 2298 ductum.
753 2227 915 2293 Auctores
937 2224 1003 2294 La·
1105 2233 1107 2238 ’

62 2343 159 2423 tini,
182 2359 265 2423 quos
283 2342 316 2407 in
332 2341 386 2406 his
406 2353 555 2406 tractaret
567 2341 713 2422 scholis,
727 2357 802 2408 curu
820 2340 876 2408 alli
890 2353 1003 2423 crant,

63 2479 142 2531 tum
163 2459 326 2542 inprimis
346 2457 538 2540 Terentius,
563 2457 762 2541 Suetonius,
783 2460 861 2526 item
880 2457 1004 2534 Cicero

66 2596 103 2646 ct
125 2575 290 2656 Ovidius,
313 2575 400 2640 illius
428 2575 467 2640 ad
488 2574 668 2642 Familiares
685 2573 879 2660 Epistulae,
902 2575 1003 2662 huius

65 2693 244 2763 Heroides.
289 2693 567 2774 Scholasticorum
582 2695 748 2761 hominurn
768 2714 844 2762 cum
859 2695 1007 2792 invidia,

67 2813 188 2892 dequa
203 2829 300 2894 supra
315 2810 458 2875 diximus
469 2855 481 2890 ,
491 2823 559 2874 tum
577 2809 918 2894 gloriola,discipulis
933 2812 1006 2886 suis

68 2927 335 3014 persuadentium
359 2943 415 2992 eos
439 2926 644 3007 exipsorum
664 2926 839 3012 disciplina
853 2926 932 2993 adeo
946 2926 1007 2992 do·

69 3057 154 3114 ctos
177 3043 323 3126 prodire,
345 3041 452 3110 uthis
478 3039 812 3128 Ruhnkeniisclrolis
829 3058 896 3108 non
917 3057 1004 3123 opus

71 3158 249 3239 haberent,
271 3153 392 3224 factum
417 3171 484 3240 est,
516 3173 553 3224 ut
575 3160 774 3240 pauciores,
806 3175 903 3252 quam
930 3155 1008 3240 quls

72 3289 228 3366 putaret,
259 3279 450 3344 ventitatent
471 3293 612 3344 recentes
640 3279 660 3343 i
685 3277 801 3362 puerili
829 3275 1009 3345 institutio·

73 3383 123 3464 tre
147 3383 285 3474 tirones,
311 3394 479 3478 pauciores
503 3393 596 3463 etiarn
625 3395 682 3478 qui
704 3395 818 3463 harum
834 3394 900 3461 vim
916 3409 1007 3477 prae·

74 3509 297 3594 astantiumque
323 3512 506 3580 scholarum
532 3527 699 3596 caperent:
729 3528 762 3579 at
791 3509 954 3593 veterani,
976 3503 1010 3590 et

79 3628 206 3708 exteri,
237 3627 294 3710 qui
318 3627 403 3696 haud
427 3627 644 3714 infrequentes
667 3643 776 3710 erant,
797 3647 850 3696 eas
877 3627 1011 3700 devora·

80 3743 186 3824 bant,
209 3743 460 3828 necquidquam
486 3744 691 3813 fructuosius
708 3744 951 3828 elegantiusque
975 3743 1011 3810 iu

82 3859 149 3928 hoc
166 3879 282 3948 genere
294 3880 331 3931 ae
345 3881 481 3948 usquam
497 3861 663 3932 audivisse
673 3859 868 3932 fatebantur.
909 3857 1016 3938 Equi·

943 3973 1018 4044 aiem
