2470 4724
289 301 365 384 ης,
460 289 601 366 νιτιιγ
627 287 673 361 n.
705 287 1037 372 nuunrnttr-u·

294 487 351 558 elii
381 479 520 552 subinde
549 483 584 550 lu
615 483 778 568 proximas
801 487 943 572 regiones
968 485 1158 572 cgredlelntnt

296 592 438 676 Critiees
458 599 673 684 factitandae,
694 602 747 666 vel
764 598 799 668 in
814 601 1007 668 emendandis
1028 603 1157 687 scripturae

298 719 514 804 corruptelis,
542 721 593 784 vel
620 717 654 784 lu
681 716 892 786 confutandis
919 717 1064 786 Historiae
1080 719 1159 786 muti·

299 838 385 918 bus,
395 838 564 908 verborum
585 847 692 902 temen
709 852 833 917 semper
849 833 949 918 magis
963 833 1081 902 studiosi
1093 841 1158 915 qud

298 971 426 1032 rerum,
449 967 554 1030 neque
578 947 645 1014 fere
668 950 725 1016 has
753 949 945 1034 attingentes
970 946 1027 1020 nisi
1047 965 1160 1032 quernus

301 1073 376 1135 ‘eum
400 1062 508 1132 verbis
531 1063 726 1150 conjunctae
752 1079 842 1131 sunt.
887 1064 932 1130 llt
955 1081 1024 1132 reto
1039 1066 1161 1147 prudenter

300 1201 334 1260 et
350 1206 424 1256 cunr
440 1187 564 1256 ratione
579 1187 733 1273 egebant,
744 1189 834 1272 quod
851 1186 966 1256 uirium
980 1205 1083 1254 suerunt
1094 1185 1163 1253 urio·

301 1311 375 1378 nem
392 1305 568 1389 habentes,
588 1323 628 1372 ne
644 1305 763 1386 allius,
781 1317 878 1387 qnsnr
896 1310 1039 1390 quantuli
1048 1317 1165 1387 possent,

302 1425 339 1494 in
353 1439 456 1492 retunt
475 1422 621 1506 regiones
637 1423 877 1490 adscenderent.
915 1427 960 1492 At
977 1423 1166 1504 sliiiuprudeu·

304 1551 377 1619 ter,
399 1536 591 1619 usqueadeo
610 1535 829 1618 impudenter,
849 1537 909 1618 qui
935 1539 1016 1605 nulla
1035 1535 1164 1620 liuguteet

225 1717 226 1722 ,
303 1655 526 1745 grammaticae
542 1652 678 1719 rationis
698 1652 908 1738 intelligentia
929 1651 1165 1734 instructi,eorlti·

303 1793 374 1843 nuo
387 1774 421 1839 in
436 1772 655 1854 Antiquorum
674 1787 744 1852 res,
760 1771 861 1838 veluti
876 1769 1094 1859 Philosophiam
1104 1767 1167 1834 alins·

267 1919 272 1929 ·
307 1909 372 1976 que
386 1887 821 1972 disciplinas‚lnvolnnt‚de
838 1887 879 1954 iis
897 1885 1165 1963 audacterseribunt,

302 2003 402 2072 audes
416 2015 447 2067 et
465 2001 567 2088 ignoti
589 2000 758 2068 verborum
778 2002 972 2088 linguaeque
988 2003 1085 2087 quibus
1096 1997 1168 2064 rell·

304 2123 357 2187 lae
380 2116 634 2202 disciplinaeque
656 2117 802 2200 proditae
825 2135 925 2188 eunte
949 2118 1079 2198 volatlcl,
1093 2109 1168 2198 prule⁴

189 2269 192 2282 ·
305 2245 386 2314 eto,
407 2247 439 2298 et
458 2232 585 2298 ventosi
601 2232 770 2313 homines,
795 2234 888 2316 quasi
909 2235 946 2304 in
966 2233 1087 2303 aedilitio
1102 2225 1168 2294 falti·

301 2345 411 2414 cnudo
427 2345 555 2412 initiunt
571 2345 725 2415 facientes
743 2351 761 2415 l
777 2363 864 2417 tecto
881 2365 915 2417 et
935 2351 1041 2435 apice,
1055 2341 1169 2414 defurit·

307 2460 426 2529 ruentis
445 2475 476 2526 et
492 2460 669 2544 perietibus
684 2479 751 2529 non
768 2462 962 2548 cogitantes.
994 2451 1169 2530 Henatolusi

307 2579 450 2664 prudens
470 2591 538 2644 erat
562 2577 644 2644 ratio
667 2579 778 2645 tuendi
801 2577 982 2648 Litetttuur
1004 2567 1169 2663 impolluti

288 2713 329 2789 ¹a
362 2691 534 2758 verborum
569 2691 780 2776 intelligentia
816 2695 858 2762 ad
875 2715 1003 2764 ornnes
1035 2693 1171 2782 egeeleeus

302 2809 453 2878 ·Critiees
476 2823 507 2874 et
530 2807 748 2893 Antiquitatis
778 2811 949 2898 regiones,
979 2814 1012 2882 in
1034 2813 1117 2892 iisque
1133 2801 1171 2868 lo

301 2943 419 3011 ·quens
434 2926 623 3006 diverteret,
641 2941 770 3011 semper
784 2942 888 2996 tenen
906 2931 1011 2998 sedem
1029 2920 1127 3010 imperi
1140 2917 1172 2980 hl*

300 3041 568 3122 ·bitstionemque
583 3041 781 3108 meminisset
799 3061 870 3110 esse
883 3032 1172 3128 gemmeticenses

307 3155 413 3238 tium,
435 3171 566 3238 nmque
582 3156 615 3224 in
634 3155 747 3242 prioris
767 3171 797 3224 et
813 3172 941 3226 cureret
963 3173 994 3226 et
1013 3167 1126 3228 ornaret.

338 3269 422 3337 'Sed
447 3270 499 3337 illa
516 3269 743 3356 intelligentiae
761 3275 855 3340 unice
872 3273 1032 3358 effectrix,
1050 3256 1174 3357 musali

302 3404 352 3456 'cn
375 3387 619 3470 interpretatio,
642 3389 675 3455 in
693 3379 908 3458 recen'tiotuur
936 3392 1026 3458 libris
1045 3383 1130 3454 facilis
1144 3391 1174 3440 tl·

313 3501 487 3586 peditrque
510 3517 583 3569 este
600 3502 650 3569 'io
675 3503 898 3588 Antiquotuna
923 3505 1053 3590 seriptis
1075 3489 1175 3566 diffidi·

296 3631 402 3683 ¹arrum
434 3618 528 3685 habet
553 3617 699 3703 editum,
722 3601 891 3689 obstructa
918 3621 1037 3707 quippe
1052 3604 1173 3698 interiet!il

314 3747 387 3797 eutn
409 3733 504 3822 aliis,
527 3749 594 3800 turn
624 3738 791 3820 praecipue
813 3738 942 3806 duobus
958 3719 1174 3823 magulsiopei

312 3847 428 3915 nentis
451 3867 482 3918 et
507 3853 600 3935 qussi
627 3855 826 3940 sepimentis.
874 3857 1018 3928 Primum
1035 3867 1064 3922 et
1080 3839 1173 3918 melu

1150 3963 1177 4018 es
