2470 4724
150 409 158 429 „
220 337 356 415 tras
391 339 437 411 n.
476 277 815 413 nununsut'rss
916 323 989 434 ils

50 527 258 619 seplmentim
281 525 334 597 est
357 539 503 597 veterum
525 518 707 614 linguamm
726 529 765 595 ad
783 529 977 603 discendum

48 649 351 736 intelligendumque
374 645 567 713 difficultas:
593 663 689 728 quam
717 644 773 712 ubl
801 663 968 728 superaus·
1047 641 1050 646 ’
1167 725 1179 742 ἱ

46 762 115 845 ris,
136 755 239 830 'restat
256 761 388 834 alterum
404 775 437 824 et
454 759 589 826 interius
604 759 844 844 sepimentum,
868 775 972 828 exem·

48 877 188 960 plasium
216 877 304 946 labce
325 891 356 943 et
378 877 572 960 corruptela.
616 875 815 961 Linguarum
837 876 975 946 difficul-

50 1005 102 1060 tas
118 991 249 1060 exsistit
265 991 305 1058 ab
319 1009 426 1058 aarum
443 993 476 1060 io
492 993 611 1076 vulgus
626 978 849 1077 ignoratione,
861 1003 975 1076 utpote

46 1128 87 1178 cr
111 1129 175 1179 usu
192 1113 354 1180 communi
377 1127 592 1194 remotarum,
623 1130 682 1180 nec
704 1111 871 1180 hominum
890 1117 982 1180 eon·'
1075 1157 1080 1166 ·

45 1231 141 1296 tinuo
176 1245 207 1294 et
239 1228 429 1311 quotidiano
456 1247 601 1296 sermone
627 1229 667 1294 ad
690 1245 800 1295 nostra
828 1224 974 1310 tempora

48 1360 325 1434 propagatarum,
355 1343 413 1412 scd
446 1343 527 1410 solis
558 1344 721 1411 literarum
754 1342 974 1410 monumentis

47 1481 258 1552 servatarum.
302 1462 411 1546 Hujus
438 1461 655 1547 impedimenti
673 1460 770 1546 igitur
784 1459 973 1544 expediendi

43 1585 112 1652 duo
145 1595 224 1648 sunt
257 1580 478 1648 instrumenta.
535 1580 681 1646 Alterum
712 1577 845 1644 scientia
875 1574 968 1643 Artis
1081 1613 1085 1616 -

47 1694 317 1774 Grammaticos,
355 1695 543 1762 confirmata
577 1683 736 1760 continuo
769 1691 986 1776 legendorum·

47 1813 256 1896 Scriptorum
272 1827 354 1894 uou3
380 1826 417 1877 ut
441 1810 572 1894 cognita
588 1825 662 1876 cum
680 1809 883 1893 singulorum
904 1809 976 1878 ueri

47 1929 169 1995 borum
187 1923 441 2012 significatione,
464 1941 534 1992 tum
553 1941 664 1991 eorum
681 1923 919 2010 compositione
942 1939 976 1992 et

49 2049 321 2128 constructione,
345 2045 411 2113 loci
437 2045 596 2130 cujusque
612 2047 799 2114 sententiam
827 2063 978 2130 assequa-

50 2185 138 2236 mur.
190 2165 366 2247 Alterum,
397 2161 573 2250 Analogiae
598 2163 731 2231 nomine
761 2143 979 2249 celebratum,

51 2297 198 2352 versatam
216 2281 250 2348 ln
266 2281 468 2366 singulorum
487 2279 666 2364 originibus
692 2277 860 2348 uerborum
886 2279 977 2348 inda·
1071 2331 1074 2342 .

53 2397 190 2484 gandis',
214 2395 298 2462 unde
320 2409 393 2460 eum
418 2395 519 2478 priora
535 2408 567 2461 et
586 2395 717 2480 propria
733 2393 880 2478 notatio,
904 2397 981 2462 tum

53 2513 149 2582 ducta
174 2511 251 2579 inde
276 2527 306 2580 et
331 2513 441 2580 tralata
455 2511 506 2579 vis
521 2503 679 2595 cujusque
693 2519 727 2576 et
745 2523 888 2595 potestas
904 2525 978 2596 per·

55 2627 231 2711 spiciatur:
255 2627 294 2694 de
320 2644 388 2708 quo
409 2627 557 2708 quamuis
577 2626 713 2692 maximo
730 2626 771 2692 ad
791 2627 974 2694 interiorem

51 2743 397 2824 GraecaeLatinaeque
407 2743 534 2825 linguae
547 2740 713 2807 scientiam
732 2739 879 2808 subsidio
896 2761 976 2825 pau·

53 2858 83 2923 ci
98 2859 206 2926 adhuc
223 2855 464 2941 cogitaverant,
486 2871 544 2930 nec
569 2851 635 2918 fere
649 2851 713 2918 nisi
730 2851 888 2922 triumviri
906 2855 976 2936 illi,
1067 2917 1071 2924 .

57 2969 219 3060 Scaliger,
237 2971 475 3052 Casaubonus,
493 2967 691 3052 Salmasius,
705 2966 871 3051 pauciores
883 2969 979 3042 enam

54 3086 256 3172 scripserunt
283 3086 491 3172 probabiliter
508 3085 658 3168 quidem,
682 3084 746 3152 nisl
764 3081 849 3152 torte
868 3086 975 3156 breuia

56 3207 212 3286 quaedam
231 3221 262 3272 et
286 3205 437 3272 inchoata
454 3202 609 3288 Aegidius
632 3200 802 3288 Menagius
825 3205 927 3290 (ις)
948 3219 982 3274 et

55 3313 256 3388 lambertus
280 3317 399 3387 bosius
422 3319 491 3408 (16
500 3333 532 3411 ).
579 3319 764 3401 Utrumque
789 3315 984 3389 instrumeo·
1029 3335 1032 3342 ’

915 3453 985 3510 tum

91 3587 186 3676 (ις)
215 3593 249 3655 ln
272 3591 442 3660 Amocrritat.
466 3594 539 3676 Juris
564 3587 689 3657 Civilisa
726 3597 885 3670 praetem
915 3597 991 3674 Cap.

57 3693 207 3772 XXXIX,
227 3697 272 3760 De
293 3693 483 3776 Erymologiis
502 3695 781 3780 Iurisconsulturum.

97 3801 190 3881 (16)
212 3803 411 3866 Dissertationc
427 3803 651 3879 Etymologica,
670 3793 762 3864 addita
786 3804 846 3883 ejus
873 3803 995 3868 exeret·

59 3907 218 3972 manum
236 3909 421 3984 philologieis
430 3947 442 3981 ,
460 3907 668 3982 Franeqoerae,
690 3923 780 4002 1713,

534 4009 617 4082 lau
