2508 4712
286 319 362 385 dra
456 315 592 388 utun
622 314 666 388 D.
697 311 1035 392 nunnnetttl.

285 502 477 588 miratione,
499 505 701 589 frequentia:
721 510 903 579 memoriter
917 511 1025 578 omnia
1046 509 1198 594 narrabat,

283 627 424 694 subinde
442 629 706 712 perauditorium
726 633 916 714 ambulans,
938 636 985 700 nil
1005 636 1039 700 in
1060 639 1199 702 manibus

286 745 409 815 babens
429 748 493 814 nisi
508 767 634 832 paruam
652 750 807 819 acidulam
835 751 868 818 in
887 771 950 835 qua
968 753 1104 822 nomina
1119 775 1199 837 quae-

286 863 356 928 dam
376 862 503 944 propria
529 861 695 930 bominum
716 883 752 930 ac
773 879 917 948 tempora
940 883 1053 934 notata
1081 887 1196 949 essent,

284 973 420 1040 babebat
434 991 571 1056 procero
592 995 668 1044 cum
694 995 830 1062 corpore
849 997 992 1063 magnam
1019 982 1055 1048 in
1077 983 1196 1062 habim,

286 1104 401 1173 gesur,
422 1093 545 1175 vultu,
568 1111 669 1177 voce,
695 1093 901 1178 gravitatema
925 1095 1001 1160 baec
1027 1099 1197 1166 admiratio·

282 1225 355 1277 nrm
382 1207 564 1291 iaciebant,
588 1211 756 1292 multoque
782 1213 884 1294 plus,
906 1229 1002 1292 quarn
1032 1215 1194 1295 singularis

284 1322 355 1408 ejus
376 1323 543 1406 doctrina,
569 1325 655 1408 apud
678 1323 917 1389 multitudinem
936 1325 1135 1408 uulgumque
1147 1329 1201 1408 J'uae

284 1439 431 1506 venturis
449 1441 490 1506 ad
509 1440 673 1508 excitanda
695 1437 919 1520 retinendique
935 1439 1005 1521 ejus
1024 1438 1190 1504 stodiam.

281 1551 406 1621 lebant.
449 1551 555 1635 Igitur
577 1551 792 1619 Ruhnkeniua
817 1550 896 1618 bene
920 1571 1030 1618 secum
1057 1556 1107 1639 agi
1121 1557 1193 1622 arbi·

239 1705 244 1712 ·
281 1671 430 1738 trabatur
442 1669 475 1736 in
492 1670 572 1751 illo,
587 1668 643 1750 qui
660 1671 746 1749 etat,
768 1667 949 1733 auditorum
968 1685 1128 1751 numero,
1148 1671 1191 1752 qd

283 1787 500 1855 decrescentes
515 1784 652 1850 aliorum
671 1783 802 1850 subolae
817 1780 1045 1851 Professorum
1063 1785 1190 1867 udae,

282 1915 317 1970 et
341 1916 432 1969 antea
458 1917 553 1984 saepe
578 1897 780 1966 interfuisset
806 1897 1009 1964 sermonibus
1039 1899 1188 1970 hominm

283 2017 321 2085 iu
343 2017 452 2086 eodem
475 2035 581 2083 errore
596 2015 806 2083 versantium.
850 2013 975 2100 Quo-in
995 2031 1111 2096 genere
1130 2013 1188 2097 quid

281 2131 312 2198 ei
334 2133 506 2216 aliquando
533 2129 704 2210 acciderit,
733 2147 798 2196 uon
818 2142 868 2196 est
886 2127 906 2192 a
926 2140 1042 2195 nostro
1066 2127 1189 2196 consiliu

280 2245 440 2330 alituum,
464 2248 592 2318 referre.

326 2361 482 2430 Nondum
513 2367 547 2430 in
572 2368 707 2450 publico
733 2363 868 2434 docendi
893 2385 1022 2436 munem
1046 2366 1188 2436 constitu·

283 2482 399 2564 tulus,
422 2483 554 2564 degebat
580 2485 687 2552 adhuc
710 2485 743 2552 ln
765 2484 884 2550 familia
903 2485 1069 2570 cujusdam
1088 2480 1188 2566 prioci-

177 2683 180 2690 .
283 2617 364 2684 pum
391 2599 535 2665 civitatis
559 2599 726 2680 virorum,
758 2615 860 2682 quum
886 2603 1012 2666 adesset
1033 2597 1187 2680 aliquando

283 2714 321 2782 itt
340 2733 439 2782 coena
459 2715 578 2796 aliquia
594 2713 647 2780 vir
663 2716 752 2781 dives
778 2729 809 2780 et
836 2713 1037 2794 honoratus,
1059 2714 1113 2778 sed
1136 2710 1188 2776 mi·

282 2849 339 2898 auo
357 2845 388 2897 et
405 2829 594 2910 uoluntate,
611 2849 706 2912 quarn
725 2830 856 2914 ingenio
874 2843 906 2896 et
923 2830 1119 2910 eruditione,
1139 2845 1188 2892 ne·

278 2943 366 3012 liora
389 2945 417 3009 is
435 2943 518 3010 forte
534 2944 699 3026 narrabat,
717 2963 751 3012 se
765 2919 852 3011 domi
878 2943 981 3012 filium
999 2945 1109 3012 babere
1121 2959 1189 3026 pue·

281 3081 354 3130 rem
390 3080 464 3128 mox
492 3063 526 3130 in
559 3063 763 3130 Academiam
792 3075 985 3143 venturum,
1022 3076 1055 3128 et
1078 3058 1188 3141 quibus

279 3177 310 3246 ia
345 3181 392 3246 uti
423 3179 550 3247 deberet
576 3176 699 3244 scholia
724 3169 953 3243 Ruhnkeriium
979 3169 1188 3256 interrogabat.

278 3295 345 3364 Hic
375 3311 407 3362 et
431 3295 512 3363 alias
536 3293 747 3378 disciplinas,
770 3291 1026 3383 etUHistoriam,
1044 3283 1186 3356 cersebat.

285 3411 374 3479 Tum
393 3427 503 3497 pater,
536 3409 688 3490 „Aequa
712 3406 837 3488 inquit,
862 3403 1011 3472 Historia
1033 3420 1097 3471 nou
1116 3407 1185 3478 opus

280 3513 333 3598 eat
357 3550 429 3598 meo
457 3529 550 3608 filio,
579 3530 661 3593 hanc
688 3528 751 3610 jam
778 3523 857 3590 satis
882 3521 996 3603 uouit3
1030 3535 1098 3585 natu
1119 3529 1183 3594 teor

290 3648 348 3732 qui
367 3649 446 3713 duas
465 3645 559 3712 etiam
577 3642 659 3709 filias
678 3639 803 3719 habeo,
825 3636 964 3722 praefeci
985 3635 1031 3702 eis
1054 3619 1187 3698 domesti·

268 3769 356 3834 suam
396 3763 602 3846 magistram,
624 3755 905 3844 'gubernatricem
937 3768 973 3820 ut
999 3760 1132 3822 vocant,
1159 3749 1181 3799 et

286 3877 429 3972 ejusdem
452 3872 654 3945 institutioni
677 3871 780 3942 filium
804 3872 879 3940 item
895 3867 1034 3960 subjeeia
1053 3847 1185 3930 haecffi·

1122 3979 1184 4035 ato·

965 4194 1075 4320 ί),
