2506 4712
243 294 388 383 vrrs*
424 308 470 380 o.
508 301 842 378 nuuunsntt.
948 321 1022 396 m
1095 301 1101 312 ·

88 491 328 581 desiderasset,
357 495 467 564 deesse
490 489 621 573 norun,
642 509 836 574 operamque
861 511 950 564 susm
969 497 1025 566 ed·

30 669 32 676 >
94 619 212 698 dixit,
241 630 328 685 retus
358 628 427 678 sem
458 607 593 676 delendo
625 621 658 674 et
680 607 891 691 omittendo,
923 613 1025 696 mosis

96 749 196 818 quum
220 727 363 796 eddmdo
393 721 641 810 corrigendum,
675 723 848 792 contineri.
904 724 1026 814 Quem·

97 867 221 934 quem,
252 863 289 914 ιιι
313 843 394 914 mibi
414 859 507 927 srspe
533 839 644 912 fessus
672 855 744 925 est,
775 842 881 928 ipsius
916 863 974 928 spe
994 861 1028 922 pt

94 963 253 1046 opimone
264 930 367 1044 ‘prora
389 956 480 1026 fuere
503 956 711 1041 corrigendo,
736 957 810 1042 pius
826 957 922 1028 etiem
938 960 1029 1030 lebor

94 1077 149 1154 sis
166 1076 389 1146 mentiendum
405 1072 668 1172 inespurgsndis
683 1070 757 1140 istis
778 1075 952 1160 sordibusq
976 1091 1025 1145 tes

99 1203 173 1261 meu
193 1189 310 1261 iubens
335 1185 496 1272 perrexit,
518 1183 718 1270 cogitatione
741 1186 888 1259 beneficii
906 1191 940 1260 in
955 1189 1023 1260 Li-

96 1323 183 1380 tores
213 1303 423 1387 conferendi,
446 1320 513 1385 quo
539 1297 699 1406 studiosis
721 1321 826 1372 etrum
844 1307 1030 1389 providere-

95 1436 153 1492 tur
167 1435 200 1488 et
219 1434 396 1488 cosmetur.
439 1419 489 1485 De
505 1435 574 1504 quq
589 1417 745 1486 benefitio
761 1418 826 1504 ipsi
842 1423 1026 1506 propediem

95 1539 239 1630 judione
254 1549 405 1622 poterunt
419 1535 530 1603 berum
547 1551 649 1600 rerum
667 1534 782 1618 periti,
803 1555 903 1619 quum
922 1538 1026 1622 liber,
1105 1523 1107 1528 ¹

99 1657 193 1742 quod
213 1655 300 1722 brevi
330 1652 401 1720 fore
420 1669 607 1736 speramus,
630 1637 914 1738 eebeioogropbit
933 1655 1028 1724 Hon-

99 1769 260 1856 ltooplene
276 1771 309 1838 in
323 1769 489 1855 pubiicum
510 1767 630 1838 exierit.
646 1839 653 1854 ‚

143 1886 219 1954 Fuit
239 1885 291 1953 hio
310 1899 469 1954 extremos
486 1885 528 1951 rb
546 1902 586 1952 eo
604 1881 724 1951 Litoris
746 1881 876 1979 publice
891 1899 1027 1954 nsvotut

100 2003 215 2074 lebort
244 2019 340 2085 quem
370 1999 544 2082 quominus
570 1999 624 2065 eiii
649 2013 859 2082 sequerentur
882 1999 1027 2084 bhoste,

101 2131 227 2206 praeter
249 2130 437 2184 memoratos
455 2133 613 2197 onustas,
635 2115 697 2183 siin
719 2115 867 2185 recusit.
911 2117 1052 2198 Aditur

97 2236 183 2306 beot
208 2233 356 2316 vsiebn,
380 2247 410 2300 et
441 2229 572 2301 fortune
592 2251 653 2300 sue
676 2246 873 2300 contuetusr
903 2235 1031 2319 uigebat

101 2363 229 2436 mente,
257 2349 388 2430 animo,
418 2348 595 2431 sensibus,
627 2347 848 2434 omnibusque
877 2349 1025 2432 corporis

101 2455 229 2537 officiis.
253 2463 331 2534 Inde
346 2464 385 2531 sb
402 2483 487 2532 enno
504 2463 615 2531 uetans
632 2463 830 2551 sexagesimo
845 2465 1027 2533 testabatur

98 2580 168 2652 fers
183 2561 359 2668 quotannis
374 2598 431 2664 per
447 2564 575 2663 aliquot
591 2578 659 2646 dies
676 2575 860 2663 podagricis
875 2592 907 2644 et
923 2577 1031 2648 ebirs·

98 2699 200 2788 grinio
215 2697 472 2764 ‘effectionibuer
496 2694 617 2777 quibus
645 2694 721 2758 litet
745 2694 828 2759 iilud
846 2679 1030 2761 effici'vide·

98 2827 216 2893 retur,
237 2825 274 2877 ut
292 2809 451 2893 reliquum
467 2823 593 2890 tempus
616 2823 655 2872 eo
681 2805 800 2872 rectius
817 2809 955 2890 vrimet3
979 2825 1029 2879 tt.

101 2941 177 2993 men
203 2921 356 3010 prulstim
381 2920 491 2988 dextro
513 2933 626 2985 monus
650 2918 895 3003 debilitabatur,
927 2936 965 2988 ut
992 2923 1026 2990 in

97 3038 171 3108 dies
186 3037 287 3124 magis
303 3035 464 3104 scribendi
483 3031 621 3100 officium
638 3045 821 3113 recusaret,
843 3050 902 3100 neo
926 3031 960 3099 iti
979 3033 1029 3099 ni·
1142 3044 1145 3057 ’

100 3156 134 3224 si
151 3129 284 3222 romule
303 3163 335 3218 et
353 3150 457 3217 multo
474 3147 605 3232 negotio
620 3161 794 3235 perageret.
835 3147 928 3234 Ques
947 3147 1028 3215 diiii·

99 3271 207 3380 ¹reuitrs
225 3280 380 3352 quantum
398 3264 617 3351 impedimenti
635 3264 777 3330 attulerit
798 3263 1030 3346 studiis,qute

97 3411 169 3468 non
186 3397 283 3462 modo
300 3391 462 3478 ingenium
484 3403 516 3456 et
535 3390 672 3471 oculos,
697 3389 753 3454 sed
778 3401 960 3454 manumet
977 3405 1030 3454 cs·

100 3512 222 3579 ionum
246 3522 413 3591 emmens,
444 3521 667 3592 quantumque
690 3505 852 3574 scribendi
882 3523 956 3572 cum
983 3505 1034 3574 fs.

103 3629 226 3698 euirtte
251 3627 449 3693 voluntatem
475 3621 647 3707 minuerit,
667 3639 761 3689 nemo
782 3638 850 3688 non
865 3621 1031 3709 intelligit.

102 3741 178 3810 Nee
197 3743 393 3810 edendorum
413 3759 510 3826 porro
528 3739 682 3806 librorum
701 3737 875 3806 consilium
899 3740 1032 3823 penitus

107 3859 297 3950 ebiitiebete
322 3855 379 3926 sod
403 3855 562 3944 regendo,
596 3867 627 3922 et
646 3853 753 3938 quoad
777 3865 903 3946 poteret
926 3869 1034 3922 excer-

955 3983 1035 4052 Pin·
