2572 4710
233 275 280 372 2⁴
378 245 554 328 onnam
573 242 635 324 nn
656 243 1014 350 commemoras

118 515 121 521 ,
236 445 347 534 cujus
371 453 560 514 contemtus
592 457 709 512 caussa
734 437 892 526 idipsam
914 441 1169 534 Philosophiam.

235 563 347 634 eudem
376 557 525 644 proiecto
554 573 633 624 non¹
646 566 769 640 potest.
825 547 933 623 Nemo
957 558 1041 624 enim
1064 556 1165 624 facile

234 693 303 748 mm
337 676 534 744 inhumanus
561 675 749 756 ferreusque
779 671 972 754 reperiatur,
1000 673 1081 756 quin
1105 685 1166 740 co·

238 797 328 889 gnita
353 795 423 880 ejus
448 788 792 876 praeatantra‚ve1uti
817 787 999 858 divinitatis
1024 790 1165 872 qaudam

238 911 410 994 splendore
444 907 642 992 perculsus,
682 920 758 1006 earn¹
786 919 824 972 ea
859 903 967 972 animo
998 919 1169 972 veneretur

175 1061 177 1064 ·
239 1041 433 1106 nummoque
471 1021 596 1118 honore
637 1034 866 1107 prosequatur.
925 1013 1047 1088 Verum
1080 1023 1170 1108 ipsi,

242 1142 301 1224 qui
324 1158 392 1206 eam
414 1137 630 1223 profitentur,
652 1137 733 1204 hanc
760 1135 990 1220 Philosophiae
1003 1138 1171 1220 adspersa*

243 1271 321 1322 runt
341 1255 466 1340 labente
491 1255 550 1338 qui
576 1273 652 1322 cum
677 1257 710 1320 in
726 1273 761 1321 ea
787 1253 929 1320 docenda
945 1237 1171 1330 commendam]

244 1353 351 1454 daque
368 1386 547 1454 perversam
569 1385 783 1451 sequerentur
804 1368 978 1450 radonem,
1000 1367 1171 1436 hominum

243 1501 333 1550 error
351 1486 391 1552 ad
407 1484 511 1568 ipsam
534 1471 735 1567 disciplinam
755 1484 922 1551 traductae
941 1499 1013 1566 est,
1034 1503 1071 1550 ac
1094 1485 1173 1552 ehi.

244 1599 417 1682 losophia,
439 1613 515 1666 cum
531 1599 637 1664 omnis
655 1593 820 1664 felicitatis
843 1615 928 1664 esset
944 1597 1172 1689 conciliatrix,

243 1725 401 1796 nugarum
441 1711 709 1795 comitiorumque
748 1709 860 1795 opifex
896 1711 963 1780 dici
997 1713 1172 1798 haberique

243 1829 368 1914 coepit.

289 1947 399 2034 Hujus
421 1947 615 2016 calamitatis
638 1944 739 2014 veluti
763 1937 886 2012 fontem
908 1945 937 2012 si
953 1946 1101 2032 indagare
1120 1965 1178 2018 ve·

132 2105 135 2116 ·
175 2077 184 2104 ¹
212 2121 216 2140 .
247 2063 364 2144 limus,
385 2080 405 2128 a
428 2062 554 2149 duplici
576 2059 745 2128 hominum
769 2075 883 2146 genere
905 2078 1051 2128 manasse
1068 2061 1176 2130 videa«

248 2197 316 2252 tur.
358 2178 444 2246 Cum
464 2163 550 2248 enim
571 2192 678 2246 essent
702 2177 762 2260 qui
778 2197 814 2246 se
829 2193 860 2246 et
875 2177 1098 2265 Philosophus
1110 2181 1177 2250 dici

244 2307 281 2364 ct
301 2295 450 2380 imperito
482 2293 584 2378 vulgo
613 2294 776 2362 venditare
805 2309 982 2380 cuperent,
1011 2297 1178 2368 abstrusae

247 2411 495 2494 reconditaeque
527 2410 679 2480 scientiae
711 2413 851 2496 speciem
875 2411 1082 2498 affectarunt,
1112 2415 1174 2482 hac

247 2547 285 2596 ae
304 2529 489 2614 jactarunt,
512 2543 544 2595 et
561 2527 766 2596 sanctissima
787 2529 1018 2613 Philosophiae
1038 2532 1176 2600 sacraria

248 2643 443 2734 opinionum
486 2641 663 2728 inanitate,
704 2645 951 2716 distinctionum
997 2641 1176 2736 futilitate,

247 2757 484 2846 verborumque
506 2756 650 2828 barbarie
676 2762 880 2846 repleverunt
899 2775 997 2848 atque
1012 2783 1179 2852 conspur-

247 2892 415 2948 cavetunt.
458 2877 520 2944 Sed
539 2877 600 2945 hos
619 2876 748 2961 quidem
774 2877 878 2962 irato,
901 2899 968 2973 qud
989 2881 1057 2954 nari
1073 2897 1178 2968 sunt,

240 2995 361 3090 ⁸Genio
383 2995 619 3080 relinquamus!
665 2999 813 3064 Alterum
843 3015 946 3084 genua
971 3017 1081 3068 eorum
1104 3016 1177 3084 est,

251 3116 332 3205 qui,
362 3131 436 3182 cum
460 3113 567 3192 auimo
593 3113 720 3198 quidem
748 3116 788 3184 ad
811 3115 1058 3202 Philosophiam
1088 3135 1180 3184 acce-

250 3237 361 3302 derent
385 3231 536 3314 meliore,
568 3249 673 3300 errore
693 3247 798 3303 tamen
823 3233 1006 3299 laberentur
1028 3253 1094 3322 uon
1118 3236 1182 3302 mi·

254 3367 318 3420 nus
343 3349 446 3434 gravi.
489 3347 563 3416 Visi
588 3349 669 3416 enirn
689 3349 751 3416 sibi
774 3351 909 3418 suntad
928 3353 1180 3439 summumejus

254 3461 419 3549 fastigium
455 3463 646 3532 adscendere
677 3479 796 3546 posse,
835 3463 883 3544 si,
923 3464 1010 3530 omni
1047 3466 1182 3536 omniuo

253 3581 385 3650 aliarum
412 3580 657 3664 disciplinarum
687 3579 905 3648 instrumento
931 3579 1102 3666 destituti,
1133 3582 1181 3654 nil

253 3695 321 3770 ,uisi
346 3694 649 3780 contemplationis,
684 3708 720 3760 ut
748 3692 930 3780 vocabant,
956 3717 1058 3780 ‚usum
1083 3715 1181 3782 atque

1127 3828 1182 3882 08·
