2508 4712
31 372 44 388 .
130 321 774 437 'trennuuuunalffl-
878 345 1013 433 its.

29 575 95 626 rum
119 547 335 620 doctrinarum
371 541 480 609 orbem
507 533 604 616 longe
630 528 759 614 lateque
782 525 966 624 diffusum„

29 671 105 742 Inde
120 683 177 751 per
188 661 370 744 complures
384 653 533 732 deinceps
549 663 652 712 tonos
666 642 791 711 Timaei
801 641 946 712 Lexieon

31 787 110 864 mihi
132 779 197 852 fuit
216 773 439 850 enchiridion,
463 765 550 848 quod
568 764 586 828 d
609 759 760 826 manibus
774 775 949 842 numquam

27 911 205 984 ponerem,
226 889 319 974 cujus
337 883 416 954 mibi
434 893 595 960 tamquam
616 873 832 944 instrumento
850 869 972 966 Platug¹

29 1017 83 1084 nis
106 1005 325 1094 cognitionem
356 996 577 1084 patefacerent.
623 990 707 1056 Nam
726 989 823 1075 hujus
839 987 967 1084 acriori

29 1131 65 1210 in
91 1127 161 1194 dies
188 1121 297 1193 studio
322 1113 499 1192 incitabar,
523 1123 561 1174 ut
584 1124 654 1176 eum
676 1105 741 1189 jam
766 1121 832 1170 nou
847 1105 957 1170 solum

28 1239 129 1316 animi
153 1255 252 1314 sensu
276 1249 431 1310 amarem,
454 1227 509 1294 sed
534 1223 657 1291 ratione
673 1217 861 1306 iudicioque
882 1219 957 1285 dili.

31 1377 148 1446 gereon.
194 1350 423 1428 Ruhnkenium
451 1358 556 1412 autem
579 1354 611 1420 et
625 1336 803 1416 vtentabam,
823 1349 957 1420 propter

31 1487 234 1551 communem
250 1463 392 1531 Platonis
409 1473 568 1536 amorem,
591 1467 621 1520 et
638 1451 807 1542 diligebam
824 1465 962 1532 propter.

33 1587 201 1666 doctrinae
220 1581 363 1650 fructum
390 1573 537 1658 quotidie
560 1571 682 1654 exejus
701 1565 835 1636 Timaeo
852 1582 962 1647 perce·

32 1713 152 1786 ptum:
184 1693 411 1762 Ruhnkeninm
445 1689 513 1758 dieo
548 1698 731 1765 noctesque
755 1680 968 1766 cogitabant·
1023 1763 1025 1768 ι

37 1813 269 1894 Ruhnkenium
296 1809 330 1884 in
349 1806 454 1876 oculis
471 1802 629 1870 ferebam:
652 1799 904 1879 Ruhnkenium,
927 1815 971 1900 ug
996 1847 998 1852 ,

37 1931 176 2012 unicum
191 1928 352 1994 doctorem
365 1937 396 1988 et
410 1923 543 1994 alterum
558 1933 680 2001 patrem
691 1962 703 1998 ,
716 1915 860 1986 colebam
875 1916 969 1999 igno-t

37 2057 117 2124 tus,
140 2058 173 2107 et
189 2041 326 2108 subinde
341 2041 451 2124 legens
468 2036 537 2122 ejus
550 2033 858 2114 animadversiones,
877 2031 969 2116 cogi·

34 2160 154 2246 rationi
174 2159 240 2242 ipsi
258 2171 343 2233 mere
367 2154 556 2236 indulgens,
581 2167 689 2218 eoram
705 2167 778 2214 eum
802 2165 841 2213 eo
860 2149 963 2214 eollo·

35 2279 93 2360 qui
119 2276 204 2342 mihi
226 2272 377 2350 videbar,
400 2287 475 2336 mox
493 2268 512 2336 i
533 2267 648 2333 mentis
667 2283 773 2338 errore
788 2265 829 2334 ad
847 2283 898 2342 me
918 2281 973 2337 ree

34 2395 133 2474 diens
150 2389 237 2456 illud
253 2384 469 2470 usurpabam,

70 2561 153 2642 Quid
174 2575 271 2621 natum
290 2561 395 2630 toties,
412 2557 535 2617 erudelis
554 2572 585 2617 tu
603 2571 737 2633 quoque,
761 2555 839 2616 iniria

71 2669 165 2731 Ludis
186 2665 373 2740 imrgiuibusi
392 2679 443 2721 nur
460 2661 575 2722 dextrae
591 2664 708 2737 jungere
725 2658 852 2718 dextrum

69 2777 144 2838 Non
156 2771 264 2840 datur,
283 2785 316 2827 ac
328 2776 407 2827 veras
424 2764 518 2826 audie
535 2778 564 2823 et
580 2763 695 2822 reddere
709 2779 798 2823 voces
818 2761 835 2838 (
844 2761 933 2838 56)l

78 2949 189 3034 Igitur
207 2959 278 3024 non
297 2938 422 3008 diutius
439 2953 559 3018 uenum
576 2931 768 3012 desiderium
792 2932 919 3018 ferens,
942 2935 976 3014 in

40 3065 187 3144 ahinmm
211 3056 327 3125 induxi
354 3053 461 3145 primo
482 3065 616 3142 quoque
630 3061 774 3132 tempore
796 3049 899 3114 meod
916 3049 978 3118 viri

37 3153 195 3260 notitiam
217 3171 385 3260 proferre,
407 3165 577 3239 scribendo
595 3163 635 3249 ad
650 3181 721 3229 eum
737 3164 922 3248 edendoque
938 3163 979 3232 li.

41 3295 143 3365 bello.
193 3287 511 3374 SumsiJulianum,
535 3300 610 3350 mox
631 3281 862 3364 Plutarchum,
883 3280 981 3348 alios·

44 3431 106 3504 que
125 3410 232 3477 'illius
260 3402 373 3486 aetatis
400 3397 624 3482 Philosophus
640 3371 671 3461 et
687 3393 871 3477 Rhetores,
894 3414 980 3478 quos

44 3555 83 3608 ex
100 3525 291 3616 Antiquis,
304 3523 338 3588 in
352 3518 465 3605 primis
483 3517 636 3598 Platone,
649 3515 863 3596 emendarem,
879 3505 983 3592 exem·

43 3651 101 3750 glo
116 3645 230 3732 ipsius
253 3635 438 3715 Ruhnkeuii
453 3633 489 3718 iu
509 3631 850 3702 Animadversionibus
867 3632 907 3712 ad
924 3631 985 3706 Ti.

904 3769 988 3832 mle

85 3928 581 4102 (⁵⁶)llilllidtfl21rttu·T

587 4043 603 4094 t
624 4039 656 4116 ,6
