2562 4708
259 285 328 356 uto
417 273 673 353 PRAEFATIO
696 283 857 358 PARTIS
880 275 1042 361 NONAE

259 463 417 549 doniam,
450 466 591 532 Litterae
617 467 768 536 nimirum
790 468 969 541 Orientaiea
993 477 1028 546 in
1053 477 1197 554 haema

257 581 423 652 biiothcca
450 583 698 667 conticuerunt,
724 597 755 654 et
779 589 866 652 solae
879 588 944 672 iant
960 595 1090 663 relictae
1107 615 1191 670 sunt

256 697 398 764 Graecae
418 695 636 782 Latinaeque;
668 717 804 781 quarum
831 717 922 770 tanta
941 721 1007 773 erat
1032 715 1186 798 materie,

255 828 294 879 ut
312 809 402 878 faber
420 812 448 878 ei
464 811 575 877 deesse
591 813 764 890 videretur,
818 815 893 883 Hoc
914 820 994 888 mihi
1019 826 1092 896 loco
1114 847 1184 899 non

255 925 474 1012 praetereundi
491 941 568 992 sunt
583 927 666 1010 viri,
685 929 741 1012 qui
759 931 793 998 io
810 949 933 1014 partem
953 937 1059 1019 operia
1078 961 1187 1012 aecer·

255 1029 380 1108 urunt.
434 1039 563 1108 Primus
590 1057 641 1108 eat
669 1042 884 1113 Rohoircnios
911 1065 999 1116 neus
1033 1051 1187 1140 idemque

253 1153 374 1235 Tuus,
397 1155 480 1236 qui,
501 1170 539 1222 ut
562 1155 735 1227 Homerico
752 1160 879 1245 ditatu,
901 1163 936 1230 in
953 1165 1077 1240 literato
1099 1174 1184 1244 civi.

251 1283 318 1337 tate
342 1269 440 1337 nobis
463 1283 534 1354 cat,

292 1423 351 1522 Eis
372 1447 547 1544 βαειλεὺς,
573 1444 606 1536 ᾧ
620 1449 710 1520 ἔδωκε
732 1451 839 1538 uedeo
859 1464 933 1533 acie
954 1459 1179 1544 circumcirca·

292 1561 452 1647 Σιηπρὸν
469 1559 500 1630 r’
518 1564 569 1641 itt
586 1566 752 1647 iimreca,
774 1565 825 1637 iva
843 1571 947 1657 roien
962 1574 1172 1666 ἐμβασιλιύη.

246 1729 311 1808 Hic
339 1731 440 1818 igitur
463 1733 546 1800 duaa
570 1735 713 1802 contulit
730 1736 1063 1838 Censuramltcratn
1083 1746 1177 1816 cam.

245 1851 402 1916 maniarii
427 1847 468 1914 alc
501 1847 680 1922 Palaestra
704 1835 929 1940 Neapolitana
959 1857 999 1932 ab
1024 1857 1175 1948 Ignarra

243 1961 381 2066 scripti,
414 1965 544 2037 alteram
582 1962 681 2042 libelli
706 1964 843 2054 Orpdioa'
869 1967 909 2036 de
935 1968 1117 2070 Lapidibus
1149 1999 1174 2050 a

183 2121 196 2143 .
243 2077 431 2164 Tyrannio
458 2075 549 2142 editi.
606 2075 678 2144 Nec
706 2079 760 2145 alii
783 2079 953 2152 defuerunt
981 2087 1041 2155 uiri
1067 2090 1171 2162 docti.

194 2259 199 2269 ,
239 2188 323 2260 Natu
348 2188 517 2257 Laurentii
540 2189 683 2258 S‘anttnii
707 2207 758 2260 est
780 2193 971 2264 Rhodiaca
995 2199 1166 2275 censurae

232 2306 307 2394 Juni
341 2305 492 2386 Ruardi,
522 2305 762 2374 Verrianorum
797 2311 996 2406 Fastorum:
1029 2317 1167 2390 Henrici

237 2419 411 2504 Wagneri,
441 2417 652 2506 Horatiana,
675 2435 708 2489 et
731 2425 808 2491 item
834 2425 905 2496 alia.
959 2427 1100 2498 Omnino
1123 2436 1166 2504 de

236 2534 399 2604 fabrorum
421 2535 583 2619 paucitate
599 2555 665 2604 non
686 2553 751 2604 erat
770 2541 987 2628 querendum,
1009 2545 1039 2611 ai
1056 2550 1171 2620 uticii

233 2673 278 2721 rot
293 2653 368 2721 diac
383 2675 434 2734 μοι
448 2653 680 2736 συμφράδμονες
697 2653 757 2722 εἶεν
772 2653 924 2740 Ἀχαιῶν.
971 2657 1008 2724 Ν
1009 2679 1072 2728 unc
1090 2677 1164 2730 tan·

233 2779 288 2832 tua
304 2765 438 2833 vacabat
453 2765 565 2847 iocus,
580 2766 632 2832 cui
649 2786 708 2852 ego
724 2770 881 2852 explendo
894 2771 953 2840 vix
972 2775 1165 2848 sufficerem.¹

231 2879 321 2967 Quid
346 2880 465 2966 igitur,
487 2879 618 2963 inquis,
650 2897 804 2951 tantusne
827 2885 856 2951 ia
888 2887 981 2956 labor
1004 2906 1074 2974 eat,
1104 2913 1164 2977 per

230 3007 337 3062 totum
363 3013 480 3061 annunt
506 2997 645 3064 seribere
669 3017 768 3065 unum
795 2998 963 3083 libellum,
987 3007 1097 3084 quales
1123 3021 1159 3073 eu

226 3110 351 3176 multos
377 3109 577 3192 quotannis,
600 3127 631 3178 et
660 3117 764 3182 multo
788 3115 922 3202 majores
949 3117 1047 3196 illos,
1071 3119 1159 3186 mul·

226 3223 253 3289 ti
276 3224 524 3306 Euhemeridunr
545 3225 725 3311 Scriptores
746 3229 870 3296 eductu
909 3225 986 3298 Scio
1003 3243 1035 3294 ct
1050 3234 1155 3317 novi,

223 3337 498 3406 Praestantissime
514 3337 686 3423 Fonteini,
710 3363 768 3410 neu
794 3341 944 3427 invideo,
968 3343 1069 3410 miror
1086 3364 1154 3414 tna·

224 3451 276 3534 gis
299 3451 384 3519 iliam
409 3453 568 3521 scribendi
594 3455 793 3526 facilitatem.
846 3457 934 3524 Mihi
960 3455 1089 3541 quiden
1115 3463 1151 3531 in

224 3565 283 3633 hac
300 3565 419 3652 ingenii
432 3569 580 3638 tarditate
606 3571 864 3640 adscribendum
882 3589 1028 3656 tempore
1043 3589 1075 3642 et
1091 3595 1151 3642 co-

223 3679 376 3764 giratione
395 3703 479 3770 opus
496 3702 564 3752 este
591 3691 643 3756 uda
668 3688 761 3770 ἔσμεν
782 3693 841 3758 ada
864 3691 1036 3775 laudatur,
1059 3693 1148 3763 datu

219 3798 279 3932 'g'
300 3799 514 3888 turturinas.
561 3801 653 3878 Adde
669 3801 734 3878 huc
753 3801 853 3876 uitam
876 3819 1065 3892 occupatam
1086 3807 1148 3872 do·

137 3923 141 3934 .
216 3919 266 3976 ,μ
1072 3936 1151 4000 ieiu-
