2562 4708
198 297 444 369 eusTolttAss
467 297 528 376 AD
550 296 687 376 swu,
712 298 901 370 VIRTUT.
954 323 1031 394 203,

82 494 149 562 boc
165 501 264 569 utar,
288 485 317 553 si
339 481 503 550 medicina
527 497 617 550 recto
633 500 696 550 usu
712 485 870 570 salutem,
893 507 1030 574 persen,

82 625 124 674 so
138 615 304 680 mortem,
320 597 463 679 adferat,
486 611 524 672 tu
542 614 609 672 eam
625 602 762 680 prorsus
778 600 934 687 abjicies,
955 623 1015 674 nec

82 741 221 808 operam
253 717 346 784 dabis
371 728 410 786 ut
435 717 506 802 ejus
540 715 663 784 bonum
689 717 875 803 percipias,
900 723 1020 792 malum

82 833 232 904 maesse
274 833 329 900 Tu
346 833 436 898 iilum
455 831 561 900 laudis
579 831 748 910 stimulum
764 837 933 922 negliges?
963 836 1021 904 Tu

83 955 175 1020 illam
201 951 337 1020 vinutis
357 969 468 1024 ansam
494 968 561 1018 non
580 950 821 1035 apprehendes,
844 957 908 1038 qul
924 970 1023 1024 natu·

85 1090 140 1142 rae
156 1085 238 1138 tuae
263 1069 374 1138 socios
392 1068 536 1136 homines
552 1069 592 1136 ab
608 1068 736 1154 ignauis
753 1071 793 1138 ad
807 1070 1021 1158 industriam,

85 1207 105 1255 a
124 1187 286 1268 socordil
304 1187 346 1252 acl
363 1203 473 1252 verum
498 1185 596 1254 decus
610 1187 769 1254 traducas.
813 1187 899 1275 Quis
919 1187 1023 1258 Grae·

85 1302 171 1368 ciam
207 1319 228 1368 a
261 1301 366 1367 Xerxe
400 1299 575 1372 liberavit?
627 1297 862 1370 Themistoclis
886 1302 1019 1378 Virtus.

85 1419 174 1508 Quis
210 1416 431 1484 Themistocli
464 1416 624 1486 Virtutum
662 1416 803 1484 indidit?
859 1417 1022 1490 Miltiadis

87 1533 265 1604 aemulatio
290 1552 327 1600 ac
353 1547 504 1616 tropaea,
527 1549 609 1614 quae
628 1531 766 1599 dormire
781 1531 874 1600 illum
890 1553 957 1603 non
974 1537 1022 1605 si-

88 1652 225 1727 nebant,
271 1649 363 1731 Ergo
383 1649 448 1716 nisi
471 1647 710 1717 Themistocles
735 1652 911 1718 aemulatus
932 1668 1021 1724 essct

89 1767 302 1848 Miltiadem,
325 1765 461 1832 Graecia
479 1764 615 1832 barbaro
632 1766 812 1850 paruisset,
834 1788 894 1836 nec
913 1773 1024 1842 audita

88 1887 236 1956 fuissent
258 1884 430 1950 nobilitato
460 1881 607 1950 victoriis
638 1882 771 1950 nomina
802 1885 1036 1966 Artemisiiot,

91 2003 284 2083 Salaminis3
315 1999 463 2084 periisset
487 1996 587 2077 item,
616 2015 675 2064 nec
704 2016 856 2080 umquem
878 2002 1023 2085 exstitis-
1079 2065 1082 2074 ,
1148 2069 1151 2074 ,

90 2133 160 2199 set,
182 2126 390 2202 posterorum
409 2111 525 2178 Virtus
550 2111 603 2182 his
619 2111 827 2180 victoriarum
849 2113 1021 2202 Exemplis

90 2247 124 2300 et
148 2233 301 2300 laudibus
323 2229 471 2307 excitata,

133 2347 198 2418 Est
217 2367 293 2416 vero
309 2347 350 2414 td
364 2342 529 2420 Virtutem
548 2343 582 2414 in
599 2344 710 2427 primis
725 2344 894 2420 fructuosa
911 2370 1020 2422 aestu.

93 2470 191 2551 latio,
221 2483 303 2550 quae
319 2461 424 2530 oritur
441 2481 459 2527 e
475 2461 552 2530 vitis
576 2461 737 2544 rebusque
761 2483 949 2551 magnorum
970 2470 1022 2536 vi-

96 2607 200 2654 rorum
230 2601 287 2668 per
301 2569 485 2666 diligentem
502 2575 667 2648 Histohlae
680 2581 851 2651 lectionem
877 2588 1020 2672 cognitis

98 2723 131 2772 ac
145 2697 340 2788 perspectis.
359 2779 362 2797 ,
383 2696 489 2768 Habet
506 2696 590 2764 enim
608 2698 679 2764 vita
696 2699 854 2784 eleganter
867 2702 1022 2772 bonesto-

99 2837 158 2904 que
184 2832 259 2884 acta
275 2833 348 2881 eum
374 2811 515 2878 Virtutis
540 2814 764 2896 splendorum,
786 2819 844 2898 qul
870 2819 958 2885 ultro
983 2837 1020 2886 so

100 2932 131 3008 ln
152 2934 280 3002 animos
304 2943 437 3005 nostros
464 2929 628 3010 insinuet,
657 2950 780 3013 eosque
806 2933 846 2998 ad
871 2935 924 3000 sui
949 2950 1020 3002 stu.

101 3049 183 3118 dium
200 3049 480 3129 imitationemque
502 3045 632 3114 alliciat.
678 3047 790 3130 Hine,
814 3061 852 3116 ut
867 3049 1021 3116 acutissi-

102 3184 150 3232 me
171 3181 281 3234 monet
301 3165 514 3245 Plutarchus,
543 3163 701 3245 efficitur,
727 3178 771 3265 ¹ut
793 3186 812 3232 a
835 3168 1022 3251 cognitione

103 3285 312 3354 adactionem
339 3281 602 3367 progrediamur,
624 3283 764 3365 illosque
782 3282 871 3352 viros
894 3303 1021 3368 semper

108 3418 175 3466 ante
197 3403 312 3472 oculos
338 3401 531 3481 habeamus,
554 3411 586 3476 et
611 3397 644 3476 in
671 3399 787 3482 quavis
812 3416 867 3466 tut
893 3401 1021 3476 actione

106 3517 322 3600 suscipienda,
353 3529 410 3582 aut
435 3513 620 3585 conditione
646 3513 834 3593 subeundi,
864 3531 926 3580 nos
954 3513 1021 3602 ipsi

105 3632 204 3700 veluti
226 3635 479 3720 interrogemus,
511 3627 676 3712 quidhoc
704 3628 778 3694 loco
804 3625 936 3694 fecisset
959 3626 1021 3696 So·
1066 3645 1070 3652 ·

105 3749 226 3820 cutm?
255 3751 335 3834 quid
356 3747 476 3816 Plato?
507 3746 588 3829 quid
610 3741 876 3830 Epaminondas?
920 3744 1021 3832 ,Quae

98 3877 160 3936 uos
174 3865 357 3942 exercitatio
382 3881 450 3940 uon
472 3861 580 3937 solum
597 3861 637 3938 ad
660 3861 757 3936 ardua
779 3877 955 3952 musaque
972 3860 1022 3928 fa-

965 3990 1021 4050 cti
