2418 4718
256 295 329 387 §iu
432 275 696 405 musmo
720 309 770 360 nt
797 281 1031 362 snmrorm

259 483 393 565 marat,
430 477 557 563 Arati,
588 477 818 558 Artaxerxis,
846 475 984 563 Agidis,
1013 475 1171 553 Flaminii.

259 599 363 668 Porro
392 595 474 664 liber
513 597 566 664 Dc
597 595 685 663 Virls
715 595 762 661 Χ.
788 593 988 678 Gruterum,
1021 596 1078 678 qui
1101 598 1171 664 inter

257 707 472 782 Plutarcheos
514 709 643 791 lemur,
687 721 848 790 tamquam
881 709 923 775 ub
955 712 1031 794 ipso
1068 711 1171 778 Photio

260 831 402 912 scriptus
436 839 540 892 exstat
576 825 662 893 Cod.
687 843 829 908 ccmx,
870 840 902 892 et
933 828 1112 912 proximis:
1140 833 1171 896 de

261 959 329 1032 quo
346 961 407 1010 suo
419 941 603 1008 videbimus
619 943 704 1008 loco.
750 941 902 1007 Moralia
919 943 975 1008 illu
988 945 1171 1021 aetatemul·

259 1078 314 1145 tr,
332 1073 369 1132 ut
384 1058 459 1127 item
477 1057 578 1125 Vitae
594 1055 730 1137 multae,
748 1057 811 1139 jam
826 1053 1047 1139 intercidisse,
1064 1059 1170 1126 adeam

261 1193 367 1245 tamen
392 1191 475 1257 quae
500 1171 662 1254 hodieque
687 1183 736 1236 est
762 1171 959 1254 paucitatem
977 1177 1119 1242 nondum
1135 1193 1171 1240 rc·

258 1295 359 1364 diisse
381 1291 542 1358 videntur.
586 1287 682 1370 Hoc,
703 1301 737 1354 ct
762 1288 915 1371 proximo
942 1292 1090 1374 saeculo,
1111 1295 1173 1360 inde

260 1431 280 1482 a
310 1411 431 1479 Basilio
454 1409 657 1490 Macedone,
678 1408 739 1475 sub
775 1427 843 1492 quo
874 1408 1011 1477 Photius
1037 1409 1121 1493 fuit,
1143 1431 1174 1478 ac

262 1530 413 1614 deinceps
438 1526 669 1612 imperantibus
694 1523 806 1594 Leone
831 1525 876 1594 V.
905 1541 938 1594 et
969 1530 1177 1598 Constantino

239 1645 569 1746 ‚Porphyrogenneto
604 1645 650 1714 11.
681 1643 721 1711 tb
748 1662 833 1712 anno
858 1643 924 1712 fere
948 1647 1011 1713 suo
1036 1647 1075 1718 ud
1097 1647 1177 1735 960,

258 1765 326 1840 luit
348 1769 503 1852 quaedam
529 1780 672 1834 veterum
700 1763 880 1832 Literarum
903 1767 1071 1836 recreatio.
1111 1767 1176 1834 Uti·

263 1903 338 1955 nam
363 1885 466 1954 libros
494 1897 574 1950 tunc
602 1882 794 1966 superstites
827 1885 1037 1951 nuncetiam
1065 1884 1179 1954 habere·

265 2015 441 2071 mussant
466 2000 579 2070 saltem
603 1997 722 2067 Photio
748 1999 948 2086 placuisset,
970 2003 1102 2072 omissis
1126 2001 1179 2068 Ec·

264 2116 480 2200 assistricis,
506 2135 574 2184 non
608 2114 673 2184 nisi
695 2112 830 2185 Veteres
853 2118 912 2186 hae
937 2119 972 2188 in
995 2119 1179 2189 Bibliotheca

265 2251 440 2302 recensete.

534 2493 827 2550 SAECUL
890 2495 924 2554 ¹·

309 2693 667 2781 enormiter,
689 2699 722 2767 id
738 2713 789 2765 cst
806 2697 976 2784 Praecepta
990 2701 1030 2769 de
1045 2699 1096 2769 Re
1109 2699 1188 2768 Rus·

265 2815 352 2898 tica,
376 2831 413 2882 ex
436 2812 581 2898 priorum
609 2817 647 2886 de
679 2818 743 2883 hoc
775 2831 967 2902 argumento
993 2817 1189 2903 Scriptorum

265 2933 361 3000 libris
392 2949 557 3017 excerpta,
592 2948 623 3000 et
645 2933 865 3003 Constantino
888 2932 1189 3020 Porphyrogennero

269 3050 396 3133 dicata,
428 3071 446 3118 a
478 3050 637 3121 Cassiano
673 3052 799 3136 Besso,
831 3069 922 3134 xm,
953 3071 987 3136 9.
1032 3048 1188 3122 Plutarchi

269 3171 402 3250 locum,
425 3170 464 3235 de
485 3169 623 3234 remedio
657 3153 811 3234 aduersus
837 3167 1016 3252 Scorpios,
1050 3170 1188 3246 laudant,

270 3267 365 3355 nullo
396 3287 515 3354 diserte
540 3285 706 3354 nominato
729 3283 836 3366 libro,
861 3297 900 3348 et
927 3297 964 3349 ut
987 3283 1141 3364 videtur,
1160 3299 1189 3345 ex

269 3401 448 3487 deperdito.
477 3403 564 3484 XV,
599 3421 636 3484 1,
668 3402 734 3486 περὶ
762 3403 965 3484 Συμτιθειῶν
1006 3400 1190 3470 Plutarchus

270 3517 391 3584 citetur
415 3520 553 3607 Sympus.
576 3517 716 3602 Quaere.
739 3537 788 3600 11,
812 3537 853 3603 7:
878 3493 1118 3605 scdpleraque
1142 3515 1193 3582 alia

269 3632 305 3701 in
326 3636 384 3702 illo
407 3636 514 3721 capite
538 3633 805 3724 Geoponicorum
834 3652 942 3704 sumta
969 3653 1051 3704 sunt
1069 3657 1110 3705 ex
1133 3633 1193 3701 aliis

266 3746 431 3819 Plutarchi
453 3752 556 3820 libris.

170 3939 172 3952 p
311 3863 1196 3954 EPITOMAEPLUTARCHEAE‚idest

1116 4001 1196 4056 sum·
