2508 4712
275 265 340 340 ⁷¹4
442 241 577 310 turn
613 243 659 312 n.
698 237 1029 320 unumunurn

269 449 371 501 scere.
404 427 576 496 Etnuiius
593 431 685 510 non,
709 445 805 510 quem
822 427 945 509 ederet,
969 429 1070 511 iiber,
1088 443 1198 513 usque

269 551 349 617 dum
367 545 577 624 editusesset
593 563 666 612 eum
686 545 871 628 exercebam
892 545 1018 632 quippe
1033 545 1090 629 qui
1101 561 1198 630 typo-

268 667 422 756 graphica
447 663 622 748 specimina
648 663 721 746 ipse
745 675 881 730 tractate
899 663 1041 746 soleret,
1065 675 1099 729 ct
1121 664 1199 733 inter

267 783 466 850 tractandum
491 770 619 846 'multos
641 777 736 846 locos
762 793 951 860 retractate,
974 777 1087 860 iisque
1107 781 1200 846 corti.

268 871 379 986 'gennis
396 897 648 981 mutandisque,
668 897 768 962 multa
788 897 962 979 evolvere,
977 896 1199 980 iegere,tom·

266 1017 411 1086 neuun.
455 1013 502 1082 Et
518 1014 620 1082 otium
647 1015 675 1080 ei
700 1028 789 1096 erat,
812 1031 927 1096 operae
943 1029 1015 1078 nou
1035 1013 1196 1092 cessatio,

265 1135 324 1230 sed
348 1131 508 1202 mutatiot
532 1131 665 1202 vacabat
688 1147 776 1199 certo
803 1151 905 1216 penso
927 1131 1045 1197 edendi
1063 1132 1195 1219 alicuju

266 1229 365 1319 libri:
391 1251 547 1318 lustrabat
575 1249 698 1335 scripta
725 1269 783 1316 sua
808 1249 913 1328 edita,
935 1247 1086 1329 inedita,
1112 1249 1196 1315 abso·

262 1340 355 1450 iuta,
377 1365 552 1432 inchoata:
589 1363 665 1431 haec
687 1380 760 1430 eum
790 1359 975 1428 observatio
1003 1359 1049 1424 ab
1074 1363 1192 1430 tiioad

263 1445 360 1562 alium
393 1481 560 1568 legendum
597 1481 716 1547 librum
748 1477 916 1558 ducebat,
952 1477 1064 1543 multa
1098 1479 1193 1546 obiter

261 1599 584 1680 animadvertentem,
608 1597 845 1676 emendantem,
867 1593 901 1661 iu
925 1591 1127 1663 adversariis
1146 1614 1192 1661 m·

261 1732 437 1785 notantem.
475 1713 519 1782 Et
538 1715 726 1802 hujusmodi
746 1696 811 1780 fere
829 1707 940 1780 studio
958 1731 1022 1797 per
1035 1715 1191 1801 reiiquum

259 1835 411 1916 deinceps
426 1833 511 1900 vitae
526 1849 700 1906 contentus
716 1832 792 1902 fuiti

261 1925 266 1937 ’
302 1949 534 2034 Accedebant,
558 1964 700 2034 tempora
725 1967 783 2016 nee
810 1947 943 2033 publice
962 1969 1024 2018 uec
1040 1951 1192 2036 priuatim

258 2037 445 2150 opportuna
471 2067 613 2152 longiori
647 2065 861 2148 suscipiundo
895 2066 1001 2148 operi.
1051 2067 1194 2134 Incredi-

254 2153 335 2248 utris
362 2183 416 2248 ilia
434 2201 492 2248 nec
512 2198 701 2266 exspectata
719 2182 865 2248 Francici
883 2185 976 2266 regni
992 2187 1189 2270 conversio,

254 2291 328 2359 cum
353 2313 413 2361 sua
449 2297 676 2378 magnitudine
707 2310 739 2362 et
773 2297 918 2364 novitate
951 2301 1190 2372 remotissimos

251 2409 345 2478 etiam
369 2411 514 2503 populos
543 2411 746 2480 advertebat:
779 2428 848 2479 tum
875 2433 953 2482 vero
977 2415 1125 2500 viciuos,
1150 2421 1188 2487 iu

251 2525 368 2620 primis
391 2512 554 2608 Batauos,
575 2527 799 2594 vehementius
829 2533 1066 2614 commovebat,
1091 2549 1125 2600 et
1145 2537 1188 2604 in

253 2643 392 2730 ejusdem
422 2639 659 2740 vicissitudinis
684 2643 871 2712 societatem
899 2659 1034 2713 tractura
1049 2648 1187 2716 videba-

250 2775 330 2830 turt
346 2775 478 2847 nostrus
492 2753 765 2844 ‘utiquehomin'es
784 2761 877 2828 auxia
895 2779 998 2828 rerum
1016 2780 1185 2848 exspecta·

250 2880 341 2946 tione
360 2897 543 2962 suspensos
558 2863 711 2959 tenebat,
734 2897 795 2962 pro
811 2877 954 2960 partium
971 2879 1184 2969 diversitate,

247 2995 299 3058 vei
318 2971 494 3062 metuentes
511 2974 708 3062 Francorum
724 2995 895 3060 adventum
906 3043 919 3078 ,
941 2997 993 3062 vei
1015 3011 1182 3079 optantes.

243 3085 466 3208 annuentes
490 3113 614 3208 nuliius
639 3131 705 3180 non
729 3113 844 3196 popuii
869 3113 1049 3180 commone
1073 3132 1110 3180 ae
1134 3115 1183 3182 tt-

240 3217 359 3297 bertati
384 3225 533 3312 favebat;
564 3228 666 3322 igitur
685 3229 815 3296 illorum
841 3247 889 3294 res
919 3246 1075 3314 perpetuo
1100 3251 1181 3302 eum

238 3329 425 3446 :sollicitum
452 3340 638 3424 habebant,
668 3343 818 3410 adversae
845 3343 1046 3428 affligebant,
1064 3347 1180 3416 ¹laetae

239 3456 416 3551 erigebant.
461 3457 508 3524 Et
537 3458 611 3528 talis
640 3456 705 3524 fere
728 3461 797 3546 ejus
819 3458 884 3526 fuit
901 3461 1030 3529 animus
1047 3481 1084 3529 ac
1101 3483 1181 3533 seu·

170 3563 172 3571 '
236 3545 297 3638 aus
319 3565 376 3656 pcr'
395 3573 429 3640 id
450 3575 538 3658 quod
551 3565 728 3660 'supererat
753 3577 865 3644 aetatis
891 3577 1048 3661 spatium.
1094 3579 1179 3648 Pro·

226 3673 298 3786 'init
320 3686 537 3760 Scholiastam
556 3691 702 3762 Platonis
718 3693 905 3776 insequente
923 3713 1012 3762 anno
1030 3697 1174 3781 (1791).

218 3791 302 3911 ‘Vix'
318 3821 430 3877 uanus
452 3808 639 3881 admoverat-
653 3809 742 3898 operi
753 3849 768 3892 ,
791 3829 893 3896 quum
913 3811 996 3882 inde·
1012 3831 1176 3882 avocatur

1125 3923 1173 4004 st·
