2572 4710
269 161 275 226 l

230 352 275 428 ρ,
352 327 553 404 -οιιιιιο
574 327 634 401 on
657 289 1027 420 cortJortcnortii‘·

234 521 352 608 dignun
381 517 547 606 iudioatus
583 534 706 600 ensem,
744 515 868 624 quiin
895 519 1012 592 Vestra
1045 519 1160 590 Scholt
1280 527 1282 538 ’

234 636 372 707 docendi
393 653 522 705 munere
549 635 719 722 fungerer,
742 650 774 702 et
802 636 843 703 ad
862 634 943 704 idem
966 637 1156 706 humanissi-

236 775 288 824 tne
309 771 463 836 vocarer,
485 753 604 838 agnovi
629 754 753 820 tandem
782 753 920 821 Divinae
943 753 1160 826 Providentiae
1280 737 1284 780 ³

232 868 390 954 uestigia,
422 867 607 951 quaemihi
636 865 754 936 munna
789 867 941 954 offerret,
975 871 1163 956 quodcum
1282 875 1284 900 ³

235 981 277 1046 ad
306 981 496 1048 suavitatem
529 979 761 1063 fructuosum,
785 995 854 1050 turn
875 983 913 1050 ad
932 985 1041 1052 laudes
1059 984 1162 1052 hono-

235 1097 388 1198 rifieum,
412 1113 577 1168 tunneto
601 1100 665 1166 tale
681 1113 794 1194 estete
808 1102 907 1193 quoti
922 1099 1002 1166 nteit
1022 1101 1169 1194 votisaia
1283 1088 1284 1104 ¹

193 1289 196 1296 ,
238 1215 326 1283 omni
344 1227 438 1320 parte
442 1215 665 1318 responderet.
710 1215 797 1282 Sed
789 1234 822 1282 tn
848 1216 908 1314 hae
925 1227 1013 1318 tanta
1023 1211 1164 1282 laetandi

51 1388 56 1398 .
108 1411 113 1424 Ι
236 1331 333 1415 eopia
355 1330 474 1414 duplex
503 1349 554 1398 me
566 1331 670 1430 angit
698 1307 915 1420 sollicitudo,
937 1310 1091 1399 inatrntia
1118 1329 1163 1398 rei

235 1449 337 1512 timor
352 1460 383 1511 et
400 1440 550 1512 futurae
552 1460 671 1512 metus.
716 1435 820 1512 Hunc
836 1433 915 1511 r'nihi
931 1444 1042 1512 Vestri
1058 1443 1099 1509 de
1113 1459 1163 1508 nte

235 1559 352 1672 iudicii
367 1560 624 1630 benevolentia
615 1559 744 1648 rnjicit,
767 1565 863 1652 cujus
881 1559 1162 1642 ormentiaco,

238 1677 337 1761 'atque
354 1657 513 1762 praestare
536 1677 627 1743 lutei
654 1677 731 1744 satis
756 1677 949 1762 respondere
972 1679 1098 1761 videar,
1115 1675 1167 1742 ln«

171 1791 176 1798 '
238 1785 352 1878 teili'go
367 1790 521 1876 profecto
532 1809 627 1875 quam
650 1791 692 1856 sit
717 1789 856 1862 difficile.
899 1791 1053 1856 Verum
1045 1809 1079 1856 ιιι
1102 1789 1167 1856 hoe

224 1885 367 1997 ⁸quiti'em
396 1927 427 1976 et
449 1909 523 2016 ipse
550 1924 673 1975 tantum
702 1907 822 1972 efficere
846 1908 989 1974 conabor
1008 1920 1190 1991 quantum·

236 2026 379 2095 consilio
395 2037 491 2106 atque
505 2005 662 2090 industria
682 2023 762 2088 effici
780 2035 910 2105 potest,
925 2037 958 2094 et
974 2023 1111 2092 Deum
1102 2043 1165 2090 un-

237 2147 404 2216 mortalem
427 2143 510 2209 milti
521 2153 617 2236 spero
636 2129 781 2210 futurum
806 2145 996 2230 adjutorem.
1040 2145 1105 2214 Sed
1125 2147 1172 2215 ti·

237 2281 357 2331 morem
381 2259 473 2325 etiam
498 2259 674 2360 concipio,
707 2260 765 2340 qui
798 2277 865 2342 quo
895 2264 1094 2344 praesentior
1126 2281 1166 2330 eo

238 2377 366 2466 gravior
392 2392 454 2444 est.
506 2375 591 2442 Nam
621 2393 652 2444 et
682 2377 797 2444 Vestra
824 2377 1025 2461 frequentia,
1050 2379 1093 2446 H.
1117 2377 1164 2446 H.

237 2493 286 2564 A.
316 2493 386 2574 Δ.,
418 2487 592 2572 Ve'strique
619 2493 708 2560 oculi
735 2511 784 2560 me
819 2507 972 2576 movent,
1000 2495 1167 2564 nominem

240 2626 309 2680 non
340 2607 444 2672 solunt
482 2607 607 2672 dicendi
632 2576 768 2690 iudom,
804 2627 914 2676 vetunt
948 2611 1042 2677 etiarn
1075 2627 1171 2687 ¹tuttttc

237 2721 378 2807 piimum
397 2720 528 2805 publice
552 2723 707 2791 dicentem
723 2745 738 2792 ι
757 2741 789 2790 et
815 2723 881 2792 hue
908 2727 1053 2808 accedit,
1076 2725 1172 2809 quod

236 2847 373 2923 vereor,
405 2857 447 2907 ne
473 2840 540 2941 sint
572 2841 693 2922 quibus
727 2861 793 2909 non
822 2843 902 2910 eatis
925 2841 1037 2910 satiato
1060 2843 1172 2908 omine

228 2959 303 3032 ,rnei
324 2955 465 3026 muneris
489 2935 633 3042 inspicit
658 2977 771 3044 capere
794 2959 925 3042 videar,
956 2957 1021 3026 nisi
1049 2957 1175 3026 oratio·

239 3091 313 3143 nem
347 3069 496 3154 afferam
529 3067 611 3156 qt'tae
647 3088 678 3141 et
713 3075 880 3161 ingeniose
920 3071 1099 3159 excogitata
1134 3077 1171 3137 et

168 3183 172 3198 ‘
242 3209 361 3275 magno
385 3187 556 3301 elegantiae
583 3193 680 3257 cultu
709 3207 859 3260 exornata
887 3193 944 3259 nit.
993 3175 1065 3274 Ego
1091 3207 1173 3254 vero

239 3329 311 3391 me,
330 3307 468 3392 primum
498 3308 650 3390 quidem,
674 3309 773 3394 hujus
797 3311 881 3374 artis
898 3305 1041 3391 ignarum
1066 3295 1175 3389 proni

238 3437 330 3509 teor3
350 3426 462 3522 deinde
484 3439 731 3508 argumentum,
754 3427 793 3493 de
821 3443 886 3506 quo
906 3425 1062 3504 dicerent,
1085 3424 1174 3509 elegi

237 3531 370 3626 uulgare
390 3533 560 3620 ‘atquee
590 3542 694 3608 medio
730 3543 937 3622 desumunt
967 3541 1023 3606 eod
1055 3556 1087 3608 et
1120 3548 1172 3615 rel

184 3712 199 3739 ,f
239 3656 399 3744 praesenti
427 3653 460 3721 in
488 3645 927 3772 tir'intiaaecommodatum,³
956 3670 1076 3722 ettam
1106 3644 1189 3720 late·

238 3780 384 3870 patena,
406 3788 469 3838 tarn
495 3762 552 3839 sua'
582 3771 726 3842 ubettate
761 3773 965 3858 utilitateque
990 3771 1175 3849 diffusum

984 3937 989 3948 ,
1087 3899 1172 3968 .ιιι,
