2506 4712
244 265 309 343 744
422 244 557 318 vrrn
584 247 630 320 n.
659 247 1001 321 nunterston.

244 454 337 521 stepe
360 453 471 502 cortun
491 433 640 520 epistolia
662 449 861 518 provocatur
883 451 916 503 et
931 453 1157 526 oppugnatts;

243 550 445 636 siquiden,
466 569 539 618 cunr
556 549 722 618 doctrinae
733 555 885 635 penuria,
909 555 1093 637 superbiero
1103 579 1159 641 po·

239 667 449 751 atnlcndique
478 666 755 751 importunitatem
792 683 825 734 et
859 667 1094 753 impudentiam
1115 674 1160 738 ai·

243 779 378 852 ferrent.
430 782 647 866 Discipulos,
679 783 800 866 quibus
834 799 891 852 tut
927 786 1097 869 ingenium
1120 803 1172 854 aar

240 899 393 967 voluntte
416 897 560 962 discendi
582 897 729 978 denset,
758 897 891 982 jubebat
915 899 1006 964 aliud
1032 901 1167 982 quodvis

239 1033 337 1098 quant
352 1012 510 1080 literatum
529 1011 724 1098 viuegenus
739 1015 851 1098 sequi:
871 1014 998 1098 quibus
1012 1015 1074 1082 illa
1091 1019 1171 1082 ade·

239 1147 334 1214 sent,
359 1119 542 1198 hos‘facile
568 1131 859 1213 animadvertebat,
895 1131 1054 1215 privatim
1080 1134 1174 1202 adse

241 1249 373 1314 domurn
400 1245 557 1328 vocabat,
590 1246 814 1314 adhortatione
831 1246 1010 1329 incitatae,
1031 1246 1069 1314 in
1093 1253 1174 1330 opti·

240 1383 324 1433 anam
345 1363 574 1451 progrediuudi
596 1363 679 1430 vietn
699 1363 847 1434 ducebat.
891 1361 965 1430 Nec
988 1364 1111 1432 minore
1122 1363 1169 1434 fa·

241 1481 364 1550 eiiitate
389 1477 572 1562 excipiebat
599 1475 850 1561 provectiores,
880 1475 958 1547 licet
991 1478 1164 1546 scnoumn

238 1598 310 1684 ejus
328 1611 495 1682 expertes,
526 1595 555 1662 si
582 1593 710 1678 quiden
737 1611 810 1660 cuna
836 1599 965 1660 sincero
991 1592 1166 1662 Literartn

245 1731 355 1780 amore
371 1731 407 1780 se
423 1712 463 1780 ad
482 1729 553 1778 curn
572 1709 784 1792 applicarent.
828 1707 979 1790 Eorum,
1005 1709 1065 1791 qui
1082 1709 1172 1776 altius

244 1827 372 1896 evolare
397 1841 429 1894 et
451 1843 551 1911 posse
578 1838 610 1891 et
637 1825 725 1898 velle,
740 1823 943 1905 viderentur,
965 1823 1013 1890 ita
1027 1823 1094 1892 fere
1110 1838 1175 1892 ten·

248 1947 339 2014 tabet
368 1961 404 2011 tc
437 1939 783 2040 tractabathingenia,
823 1937 935 2022 prouti
965 1937 1175 2006 Hernstethu·
1245 1919 1246 1938 ³

245 2055 333 2127 siunt
357 2061 452 2147 (84)
473 2057 662 2136 factitasse,
693 2055 764 2140 ipse
785 2054 918 2138 scripsit
944 2054 979 2120 in
1007 2055 1075 2138 ejus
1094 2052 1173 2118 Elo-

249 2177 318 2261 gio.
362 2173 467 2242 Dabat
480 2173 523 2240 iis
539 2175 576 2241 in
593 2189 708 2240 uranus
729 2170 889 2257 egregium
906 2168 1048 2252 aliquem
1064 2167 1174 2236 classi·

251 2293 284 2360 ci
309 2293 466 2359 Auctoris
489 2293 624 2372 locun,
643 2289 761 2376 iubens
787 2307 858 2354 eunt
889 2303 1037 2356 accurate
1054 2287 1174 2372 legere,

239 2403 378 2488 sibique
405 2401 522 2470 referre
544 2404 624 2488 quid
656 2403 791 2472 maxime
815 2401 956 2476 animum
981 2401 1179 2490 pepulisset,

254 2521 334 2607 quid
357 2517 494 2586 nterirne
514 2519 716 2602 placuisset,
749 2518 829 2601 quid
849 2519 1010 2606 exquisite
1027 2519 1173 2599 dictum,

164 2619 168 2635 '
255 2636 334 2724 quid
347 2635 524 2702 obscurum
543 2651 580 2700 ac
598 2631 725 2704 difficile
741 2631 909 2704 intellectu
928 2637 1092 2704 videretur.
1133 2633 1171 2701 Si
1247 2627 1248 2636 ’

255 2749 304 2820 nil
323 2765 516 2833 magnopere
537 2743 711 2830 referrent,
734 2747 833 2824 aliun
853 2749 1007 2833 deinceps
1023 2751 1074 2816 cel
1092 2750 1176 2834 eius·

255 2869 325 2937 dean
340 2865 392 2934 vel
406 2865 537 2932 alterius
550 2865 706 2934 Auctoris
721 2868 827 2940 locum
845 2865 965 2948 dabat,
981 2869 1085 2936 donec
1097 2868 1180 2952 ejus·

253 2979 341 3048 modi
367 2979 447 3063 quid
473 2976 646 3062 referrent,
678 2982 762 3047 unde
786 2996 874 3056 certo
906 2999 1096 3066 appareret,
1125 3001 1181 3054 eos

252 3117 326 3166 cunr
345 3115 443 3164 sensu
458 3096 525 3162 veti
542 3097 712 3180 peslerique
729 3097 857 3182 legisse.
902 3095 1006 3180 Saepe
1022 3099 1106 3166 enim
1121 3099 1179 3181 fit,

252 3230 293 3280 ut
313 3211 417 3296 quiin
432 3211 496 3278 alio
511 3209 648 3296 frigeant
662 3213 823 3294 Auctore,
847 3214 943 3284 iidem
961 3214 1030 3281 alio
1045 3219 1177 3283 caleant.

252 3327 316 3396 Sed
340 3329 396 3396 ubi
421 3330 517 3395 setnel
541 3329 774 3412 incaluissent,
798 3332 885 3400 salva
914 3348 965 3395 res
992 3347 1082 3400 erat:
1103 3333 1182 3408 bene

252 3455 447 3527 coeperant,
469 3431 632 3526 dimidietur
654 3437 737 3514 'lacti
764 3443 922 3518 hebebant
943 3447 1061 3533 (85).
1107 3447 1182 3532 Ipse

541 3585 545 3596 .
1115 3581 1186 3648 W,

269 3723 273 3734 .
291 3665 310 3744 (
320 3667 383 3746 84)
403 3675 436 3740 ln
457 3675 564 3750 Elogio
581 3693 611 3752 p.
628 3693 676 3754 57.

229 3848 233 3858 Ι
290 3774 384 3856 (35)
404 3783 594 3848 Proverbiale.
612 3785 679 3850 vid.
697 3786 735 3854 A.
754 3788 910 3864 sprottus,
929 3788 1067 3852 Proverb.
1087 3791 1104 3852 e
1121 3787 1183 3852 sui-

254 3889 310 3968 ἀι,
328 3885 395 3960 lli,
414 3889 460 3965 64.
