2508 4712
247 291 321 386 un
419 267 563 364 itinn
599 271 644 358 n.
675 265 1019 353 'unumunurn

247 459 332 568 ⁸tet,
353 485 394 554 ed
419 455 642 560 sanioremque
665 473 818 542 tutionem
840 451 1176 556 rediireet‚'nmgnnffi

245 599 379 672 'Literis
405 597 653 665 emolumentum
682 587 826 654 futurus.
868 584 979 652 Securi
997 587 1179 654 suntd'eiu-

247 725 335 800 'ceps
350 713 403 780 elii
428 688 669 795 reprehensores
689 703 788 788 magis
804 699 910 768 ecerbi
926 714 1025 782 quum
1045 698 1178 784 festivi,

250 831 462 902 normannus
484 822 702 906 Amthologiee
725 817 859 885 Latinae
876 816 1046 883 volumine
1063 819 1180 906 duro,

257 945 452 1015 scindetur
481 940 515 1006 in
548 933 874 1012 Emendationibue,
905 945 1041 1015 uterque
1065 949 1183 1000 retente

257 1061 363 1132 adhue
382 1053 563 1124 domestico
581 1053 712 1120 vulnere
728 1040 939 1127 uuinton,
964 1063 1106 1128 quorum
1119 1049 1182 1132 ipse

260 1179 414 1265 quasdam
435 1177 507 1244 tire
530 1171 770 1242 ohtetmtioues
796 1166 864 1234 side
882 1166 1120 1234 emendationes
1142 1186 1185 1233 re·

258 1299 468 1385 prehenderit
485 1295 519 1359 in
542 1283 871 1358 animtdversiuuibus
885 1282 926 1347 ud
941 1279 1103 1348 Rutilium
1115 1282 1183 1348 Lu·-

259 1435 354 1501 pum.
399 1406 560 1480 sedilios
589 1423 701 1473 omues
724 1401 818 1468 fuciie
833 1401 1066 1468 contemnebtt.
1107 1397 1183 1464 Me·

266 1535 318 1618 gis
333 1527 521 1598 movebttur
535 1515 785 1592 enimtdverteus
798 1517 920 1585 amicos
935 1519 1088 1601 quosdam
1099 1534 1177 1584 tuot

260 1647 404 1716 inimicis
432 1643 587 1725 arridere,
618 1641 724 1724 ipsum
761 1635 902 1703 irridere.
955 1631 1050 1700 Nolo
1072 1612 1187 1701 nomm

260 1764 393 1832 nomina
410 1760 558 1844 proderet
582 1765 669 1821 erant
689 1763 773 1818 terte
789 1745 852 1833 qui
860 1765 894 1814 se
909 1745 1101 1814 Ruhnkenii
1113 1746 1186 1814 tui·

261 1899 321 1949 cos
343 1877 407 1944 dici
428 1869 601 1955 haberique
622 1872 763 1949 velient,
793 1865 882 1965 iique
900 1864 934 1930 iu
959 1862 1083 1930 Literis
1106 1866 1185 1932 haud

262 1994 408 2064 obscuri.
453 1991 531 2058 Erat
545 2002 577 2054 et
593 1985 674 2053 elius
691 1985 837 2064 amitus,
857 1982 957 2049 homo
970 1985 1186 2065 semidoctus,

266 2109 325 2194 qui
341 2123 372 2176 et
388 2107 458 2192 ipse
474 2095 808 2188 inquinarentur,
830 2115 862 2164 et
877 2095 896 2164 i
910 2097 1104 2165 Ruhnkenio
1117 2115 1186 2163 ste·

262 2247 307 2312 pe
331 2226 541 2306 admonitus,
564 2233 601 2288 ut
629 2235 696 2286 turn
725 2220 852 2285 demum
878 2217 917 2282 de
934 2213 1191 2300 Litetisiudict·

264 2359 334 2423 ret,
359 2359 458 2426 quum
479 2361 532 2408 ets
552 2339 632 2408 bere
651 2335 838 2416 didicisset,
861 2325 1113 2402 admonitionem
1133 2335 1192 2402 ini·

264 2449 332 2540 'que
355 2452 539 2534 decipiens,
562 2469 629 2517 eum
653 2443 734 2516 ui'tle
760 2446 896 2514 diceudo
914 2447 1032 2513 uicisti
1046 2449 1193 2531 tdgrode·

123 2607 126 2620 ·
265 2587 376 2654 retur,
407 2567 562 2650 arripiens
590 2561 780 2632 calumniam
808 2559 1015 2629 sermonibus
1030 2561 1194 2644 impetito·

262 2707 335 2757 rum
360 2687 509 2773 jactatum
533 2681 574 2748 de
596 2675 793 2745 ¹Ruhuirenii
820 2677 944 2744 scitoiie
960 2690 999 2742 ut
1019 2675 1124 2741 miuus
1136 2674 1193 2760 ju·

266 2801 385 2872 tundis
416 2799 455 2866 ud
490 2813 620 2864 rentum
648 2791 881 2880 profectusque
906 2790 1191 2872 adulescentium,

264 2919 362 3000 eique
384 2933 450 2983 unu
475 2914 572 2980 modo
592 2910 786 2992 Klotzium‚
807 2907 1046 2992 Burmannrrm,
1080 2907 1194 2975 scum·

266 3025 702 3111 derummednetcioquem
722 3023 857 3092 scholae
872 3021 1043 3089 Rectorem
1060 3037 1197 3107 antepo-

266 3167 377 3238 neret,
403 3152 458 3235 qui
470 3148 663 3218 discentium
678 3148 802 3216 animos
819 3142 1061 3227 enthusiasmo,
1079 3159 1116 3211 ut
1128 3147 1195 3231 eje·

263 3273 349 3354 but,
370 3268 588 3337 incenderent.
616 3265 721 3347 Atqui
736 3255 796 3332 iste
814 3262 945 3330 illorum
958 3263 1103 3330 laudator
1123 3278 1195 3330 ten·

259 3392 360 3459 'tillus
379 3404 444 3455 erat
460 3385 703 3466 homunculus,
715 3387 771 3467 qui
783 3431 797 3466 ,
808 3397 926 3466 queunt
943 3383 978 3450 iu
996 3383 1194 3454 Ruhnkeuiu

266 3523 353 3576 esset
375 3507 538 3574 doctrinae
566 3505 683 3588 copie,
712 3515 895 3585 quantaque
920 3500 1045 3584 ingenii
1076 3499 1196 3586 megui-

269 3625 374 3706 tudo‚
391 3643 432 3690 ne
449 3619 604 3704 suspicari
632 3619 757 3703 quidem
782 3633 913 3701 posset:
930 3633 962 3714 et
977 3631 1085 3686 tumen
1109 3615 1193 3700 apud

206 3752 210 3763 ’
266 3735 434 3818 imperitos
452 3737 553 3804 veluti
570 3753 686 3803 censor
702 3737 740 3800 de
755 3729 978 3800 Pruiessorum
989 3729 1192 3800 meritisieu·

268 3852 430 3936 iubesque
447 3854 609 3924 ttttuebat
618 3900 631 3940 ,
654 3868 830 3941 magnaque
845 3851 1038 3919 romonum
1051 3850 1189 3918 volebat.

1106 3960 1192 4052 uuis
