2418 4718
146 333 415 410 rauranum
435 323 710 454 nonnulii
731 333 812 436 vna.
828 339 862 418 r.
928 359 994 436 „3

112 537 187 606 Τοῖς
208 535 272 602 raia
294 524 395 625 simas
415 521 553 614 iwan
571 528 835 616 smmis·

109 647 152 716 si
173 643 205 716 δ’
224 641 383 728 &ahana
401 644 440 720 alc
462 643 538 719 Osis
559 645 599 712 σὺ
621 647 683 714 νῦν
703 643 810 731 idm,

111 761 268 834 ’linails
287 767 346 836 sir
366 767 419 838 ais
439 761 648 844 meritasse
668 765 718 835 iri
733 765 854 851 um,

111 879 168 950 Δι’
187 875 221 955 ais
242 874 388 954 sirmas
408 875 518 960 θυρεὸν
538 876 640 962 raideri
659 877 768 980 iissre.

87 1103 342 1176 EUDOCIA
370 1103 405 1172 in
440 1102 576 1172 Violeto
613 1123 650 1189 p.
682 1105 758 1190 361.
787 1107 828 1176 de
849 1107 980 1182 Plutar·

38 1227 109 1294 cho
141 1229 248 1292 locum
285 1221 404 1288 Suldse
435 1220 574 1304 repetit,
612 1219 737 1288 ultimis
763 1223 835 1308 ejus
863 1227 973 1299 verbis

38 1336 454 1428 &saecularissimus
471 1335 590 1402 addens
613 1335 656 1406 ria
670 1341 715 1408 sd
727 1341 823 1412 raaia
845 1345 904 1428 οὐχ
920 1345 974 1418 ti·

40 1464 198 1546 pomae,
223 1475 361 1543 quorum
385 1451 494 1534 nuffar
511 1467 596 1539 pars
614 1473 679 1517 non
703 1455 892 1539 imsnitur,
913 1478 978 1528 nasa
1086 1513 1089 1520 .

43 1589 194 1668 apparet.
241 1573 348 1658 Digna
362 1584 434 1652 est,
458 1587 540 1653 quse
563 1569 854 1656 animadvertatur,
876 1589 974 1644 notu·

43 1696 81 1762 la.
132 1686 357 1772 intelligitur,
386 1683 488 1752 libros
517 1683 680 1768 hodieque
708 1685 877 1773 perditos,
904 1690 972 1775 ism

43 1827 115 1878 tunc
144 1805 346 1874 desideratos
374 1799 499 1882 fuisses
532 1817 611 1867 sane
634 1800 851 1888 posteriores,
885 1809 976 1890 quod

45 1931 165 2007 sum,
188 1920 339 1989 denullo
353 1917 485 1983 illorum
503 1929 540 1982 ut
560 1929 692 1986 servato
710 1918 905 1990 mentionem
925 1921 975 1994 fs·

42 2045 143 2106 ciunt.
187 2033 315 2102 Deinde
330 2043 482 2115 apparet,
505 2031 683 2100 Eudocisna
708 2033 861 2104 habuisse
878 2039 969 2110 sisa·

43 2177 82 2220 η
98 2167 158 2218 seu
174 2147 317 2216 indicem
333 2142 491 2210 librorum
509 2141 801 2232 Plutarchcorum,
824 2151 875 2219 vel
888 2153 972 2237 Epi.

45 2279 179 2342 aomas,
218 2262 308 2328 unde
343 2255 541 2340 perditorum
577 2259 709 2330 nomme
743 2281 968 2350 cognosceret.

46 2377 115 2444 Nee
139 2393 211 2444 vero
238 2372 407 2440 intervallo
430 2371 585 2458 temporis
610 2393 650 2444 eo
677 2378 766 2458 quod
794 2375 859 2448 fuit
884 2382 969 2450 iuter

45 2495 171 2562 Suidam
195 2507 227 2558 et
254 2489 434 2558 Eudoeiam
460 2490 561 2558 libros
592 2490 669 2560 illos
694 2493 897 2566 intercidisse
919 2497 968 2568 di·

45 2629 119 2679 can.
167 2608 284 2676 Suidas
313 2609 421 2672 locum
449 2607 487 2674 de
510 2606 687 2679 Plutarcho
714 2631 781 2680 non
807 2616 878 2699 ipse
898 2619 970 2684 Au·

45 2744 111 2796 eaor
129 2724 288 2809 scripsit,
319 2725 376 2790 sed
396 2741 437 2789 ex
457 2722 641 2806 antiquiore
667 2727 849 2812 descripsit.
890 2730 970 2798 Plu·

48 2843 110 2910 riui
123 2843 203 2910 libri
218 2843 407 2910 interierunt
426 2843 468 2909 ab
486 2862 571 2910 auno
589 2846 652 2927 5⁶0
669 2847 709 2912 ad
728 2847 812 2914 860:
832 2864 968 2934 postea,

50 2963 116 3034 licet
131 2967 286 3034 redeunte
311 2965 449 3033 subinde
468 2963 621 3054 Veterum
636 2963 818 3032 Literatum
836 2968 969 3052 studio,

50 3084 188 3170 deinceps
210 3084 266 3152 alii
288 3085 382 3151 etism
406 3082 658 3167 interciderunt,
683 3083 751 3150 sive
775 3083 866 3167 quod
892 3084 967 3152 late·

57 3211 121 3262 rent
146 3213 177 3270 et
207 3197 358 3284 sugerem
387 3195 606 3281 quaerentium
640 3196 864 3283 diligentiam
897 3197 965 3266 sive

57 3313 140 3392 quod
157 3333 263 3383 eorum
288 3313 460 3398 Epitomae
479 3314 653 3396 adessent,
681 3327 715 3378 et
743 3312 777 3380 in
797 3327 886 3380 tenu
911 3307 966 3382 de-

57 3428 285 3500 scribendorum
313 3431 469 3498 librorum
493 3429 701 3498 multitudine
725 3447 794 3498 non
821 3429 966 3505 omnium

53 3545 214 3631 descriptio
238 3549 416 3618 necessaria
438 3547 683 3615 existimaretur.

88 3661 341 3734 MlCllAEL
378 3661 622 3731 PSELLUS
654 3666 850 3754 eduensis
882 3677 969 3742 llas·

52 3780 180 3866 uhts,
208 3797 309 3864 quam
333 3778 432 3846 edidit
460 3799 490 3866 J.
523 3797 560 3845 a.
594 3795 848 3846 rasnrcrus
875 3779 964 3850 Bibl.

52 3891 107 3962 Gr.
131 3897 195 3965 sol.
215 3915 264 3979 v,
288 3891 374 3978 line,
394 3913 462 3964 non
489 3893 595 3963 solum
615 3893 844 3980 inscriptiones
881 3889 971 3974 capi-

898 4015 971 4078 tem
