2418 4718
55 3893 59 3902 ,
157 3829 161 3840 '
262 3823 411 3890 sumtum
437 3811 797 3904 sescentorum.

214 298 217 307 2
277 279 345 384 ,sl
456 283 714 361 salsulam
735 307 782 360 u
802 287 1026 368 summus

278 473 456 558 iliquotles
467 524 480 559 ,
493 475 585 544 locos
601 495 640 544 ex
658 477 715 546 illa
734 477 940 548 Institutione
957 484 1007 549 vel
1028 481 1177 564 exscn'hit,

277 591 334 659 vel
366 590 515 658 admixtis
549 591 618 658 suis
654 593 878 664 additamentis
903 591 1019 678 refert,
1049 613 1078 662 ct
1098 598 1178 664 omni·

281 723 327 776 llo
351 705 443 774 illius
467 707 608 774 ordinem
638 724 880 794 praeceptarum
920 713 1074 795 sequitur.
1112 711 1180 778 ilaec

280 819 537 905 imitagmentis
560 822 793 899 exhibebimus.
838 825 937 899 Nunc
963 827 1045 900 illud
1059 811 1180 894 'monuis-

280 957 320 1008 ει
339 937 417 1004 stris
439 939 504 1022 sit,
526 938 642 1008 librum
662 937 753 1007 illum
770 941 810 1007 ab
830 941 953 1012 incerto
971 941 1095 1016 homine
1110 943 1181 1012 Lati·

281 1071 360 1123 num
377 1051 481 1119 luisse
496 1052 618 1120 iterum
638 1071 656 1120 e
671 1051 816 1124 Graeco:
831 1055 987 1128 Graecum
1005 1057 1104 1126 fuisse
1119 1077 1181 1126 cau·

280 1166 476 1236 sarcinatum
496 1167 728 1236 ePlutarcheis
744 1172 1064 1261 Apophtllegsnattius
1079 1189 1110 1238 et
1122 1173 1180 1238 aliis

276 1277 443 1352 Plutarchi
467 1283 577 1353 libriss
602 1303 675 1352 nam
701 1286 819 1355 Latini
836 1287 980 1372 quamvls
997 1285 1117 1361 inficere
1141 1287 1181 1352 in·

279 1393 488 1483 terpretatio,
512 1415 619 1470 tamen
645 1401 740 1468 habet
758 1419 861 1470 rerum
883 1403 961 1470 satis
978 1414 1050 1468 certa
1071 1401 1182 1484 indicit

276 1536 362 1602 quae
385 1515 593 1584 Plutarchum
618 1517 773 1600 prodtntt
808 1537 847 1588 ex
876 1517 927 1585 his
953 1517 1044 1600 igitur
1067 1514 1181 1594 laciniis

275 1633 396 1719 aliquis
422 1631 584 1718 posterior
609 1629 791 1699 Graeculus
827 1633 921 1700 latam
957 1635 1074 1719 regiam
1097 1627 1183 1692 lusti-s

275 1753 432 1820 tutionem
456 1747 485 1813 Τ
482 1746 598 1848 cajani
606 1793 619 1828 ,
651 1746 713 1813 sub
741 1747 873 1814 nomine
898 1747 1080 1830 Plutarchi,
1105 1763 1179 1810 cum·

273 1863 402 1949 posuit,
455 1861 577 1928 Similis
602 1877 652 1928 cst
683 1875 716 1928 et
747 1861 910 1945 eiusdem,
947 1875 988 1944 ut
1013 1863 1054 1928 ita
1075 1861 1177 1939 dicam,

274 1979 397 2049 tarinae
412 1977 462 2060 is,
486 1991 579 2060 quem
597 1977 694 2044 modo
713 1973 990 2058 significavimus,
1015 1977 1100 2047 cents
1113 1972 1176 2038 iim

273 2099 469 2164 sentinata
505 2091 601 2156 nohis
649 2091 841 2172 appellatus.
909 2089 1000 2158 Aliis
1040 2089 1110 2162 lucis
1134 2083 1177 2150 alii

274 2209 403 2277 aliunde
429 2203 505 2270 libtl
528 2215 766 2276 memoranturt
789 2203 891 2274 veluti
907 2221 971 2288 lv,
996 2209 1037 2290 8,
1058 2205 1105 2271 Dr
1124 2221 1176 2268 sra-

271 2330 475 2416 gistratuum
510 2318 730 2384 moderatione
756 2317 876 2386 {ibrum
899 2319 1025 2406 fertur
1045 2319 1178 2408 scripsisss

273 2437 495 2512 Plutarchus,
517 2434 574 2520 qtsi
591 2431 788 2502 inscribitur
815 2433 1133 2520 Archigrammattn,
1151 2439 1178 2494 tt

272 2555 504 2648 magistratum
529 2566 607 2616 suat
628 2547 719 2620 urbis
752 2547 800 2616 ad
817 2554 1019 2637 patientiam
1045 2563 1075 2618 tt
1092 2545 1176 2630 justi·

271 2673 340 2738 tiae
362 2665 483 2736 cultum
509 2661 615 2728 serbis
636 2665 814 2730 instituisse
837 2663 968 2754 dicitur
986 2681 1017 2734 et
1033 2660 1174 2752 exemplis:

271 2784 395 2866 dequo
412 2780 497 2846 libro
522 2777 683 2860 quidquid
710 2776 909 2850 inaudivcrat
935 2775 1173 2855 sarisberiensis,

272 2897 401 2966 videtur
424 2889 598 2978 significari
622 2893 727 2976 isqui
749 2911 836 2970 nunc
860 2909 1015 2964 exstaret
1034 2886 1172 2982 Ruhuiii·

270 3033 330 3082 tat
356 3006 518 3100 gertrudae
537 3020 718 3096 praccepta
743 3005 958 3080 inscribitura
991 3007 1118 3096 proxima
1142 3001 1172 3066 il·

268 3129 337 3197 lius
364 3123 428 3193 loci
452 3136 529 3190 sunt
551 3140 589 3187 ex
615 3117 742 3205 Gellio,
765 3139 801 3206 1,
824 3125 877 3199 26.
906 3121 1030 3196 -Porro'
1043 3120 1169 3197 Policrat,

252 3259 363 3324 mut,
392 3262 453 3322 ιο,
475 3235 532 3304 ubi
548 3235 740 3308 Plutarchus
768 3239 975 3324 nominatur,
998 3253 1126 3308 sumtum
1140 3247 1167 3298 tt

267 3353 443 3424 Macrobio
460 3353 526 3423 Sat.
547 3371 619 3430 vm,
645 3371 682 3436 3,
706 3356 801 3440 cujus
821 3355 915 3422 etiam
930 3355 987 3422 alli
1004 3352 1065 3421 loci
1082 3351 1167 3417 ePlu·

267 3473 401 3554 tarcho,
424 3469 547 3538 omisso
572 3467 724 3551 nomine,
747 3471 925 3555 exscripti,
948 3473 1055 3538 denua
1075 3459 1165 3535 exstri-

265 3583 390 3656 buntus
410 3603 428 3652 e
450 3580 621 3651 Macrobio
647 3579 920 3664 aStrisberiensi,
966 3585 1106 3669 Denique
1118 3595 1165 3655 ιν,

265 3713 313 3792 5,
341 3699 421 3766 illud
452 3719 492 3767 ex
523 3699 699 3766 Aristotele
728 3713 760 3766 et
787 3697 960 3775 Plutarcho
989 3701 1029 3776 stc
1053 3697 1166 3794 palma,

1099 3917 1165 3994 00·
