2562 4708
233 441 606 623 on'ontuu
661 435 1113 670 souuannnn

211 911 284 1029 ix
309 943 457 1010 stant·
485 942 625 1008 carn.
656 943 696 1004 a.
720 910 822 1006 vnn
849 943 893 1030 p.
920 929 1020 1030 142,
1041 935 1145 1034 oqqg

505 1325 871 1366 —1-1-

151 1749 152 1752 p
219 1585 429 1756 Magnam
456 1668 629 1738 Academia
656 1667 895 1752 anequerana
911 1681 946 1734 ct
969 1683 1048 1734 vero
1071 1662 1153 1732 Ele-

225 1777 388 1872 gantiores
405 1783 546 1852 Litterae
567 1788 721 1874 jacturam
743 1783 888 1854 fecerunt
907 1781 1001 1850 obitu
1013 1781 1156 1868 Joanmis

230 1901 426 1988 Schraderl,
465 1905 536 1972 Viri
567 1903 760 1974 Clarissimi.
817 1901 910 1992 Nam,
933 1917 989 1985 per
1018 1899 1161 1982 triginta

230 2019 378 2104 quinque
403 2037 506 2110 annos
529 2017 764 2104 professionem
793 2015 1028 2101 Eloquentiae,
1048 2017 1163 2085 Poeti-

229 2151 311 2215 ιιι,
342 2147 374 2200 et
397 2133 640 2220 Historiarum,
662 2134 708 2202 ita
727 2149 914 2216 ornaverat,
936 2148 974 2201 ut
991 2147 1162 2204 accuratae

191 2303 194 2312 .
233 2247 398 2324 doctrinm
413 2250 522 2317 studia
537 2249 717 2336 proferret,
737 2269 812 2318 cum
828 2241 998 2334 exemplo,
1020 2263 1088 2317 tum
1104 2249 1161 2316 in·

230 2363 417 2458 stitutionis
439 2365 629 2452 diligentia,
649 2382 721 2434 turn
745 2367 921 2450 prodendis
944 2345 1066 2450 ingenii
1086 2383 1161 2433 mo·

238 2482 424 2550 numentist
448 2483 545 2568 cujus
566 2483 706 2567 triplicia
722 2484 1013 2569 dotiaeonjtmerio
1031 2481 1167 2550 minime

224 2595 395 2688 ¹frequens
416 2617 491 2668 erse
509 2602 592 2670 solet
608 2601 643 2668 in
657 2600 871 2672 Doctoribus.
913 2599 958 2668 Et
982 2597 1171 2670 institutio·
1205 2615 1209 2621 ·

241 2713 296 2782 nis
323 2715 450 2796 quidem
477 2714 606 2784 fructus
627 2731 755 2786 exstant
780 2720 813 2784 in
839 2717 1084 2802 compluribus,
1108 2721 1168 2803 qui

244 2833 383 2918 exejus
411 2832 587 2918 disciplina
611 2833 819 2916 prodierunt,
845 2833 925 2901 viris
950 2835 1170 2920 Antiquarum

243 2948 473 3031 elegantiarum
505 2948 693 3036 cognitione
720 2947 823 3032 probe
854 2947 1014 3033 excultis3
1043 2966 1172 3030 equo·

247 3079 321 3130 rum
339 3081 475 3132 numero
490 3063 583 3130 etiam
609 3077 707 3144 sumt,
731 3063 790 3146 qui
810 3059 953 3130 Litteras
975 3064 1010 3128 ln
1024 3059 1171 3145 Gymna-

167 3179 170 3187 “
249 3177 312 3248 aiis
334 3193 367 3244 et
390 3177 520 3246 Scholia
537 3194 611 3243 cum
631 3177 725 3244 laude
748 3177 895 3242 doceant.
938 3174 1080 3242 criticae
1094 3193 1174 3243 vero

249 3293 455 3364 Eruditlonis
481 3293 616 3362 maxime
637 3293 748 3374 illiue,
776 3292 918 3375 quaein
944 3289 1176 3360 constituenda

234 3461 237 3470 .
256 3407 412 3478 Veterum
434 3410 625 3479 Latinorum
648 3409 816 3475 potarum
843 3403 985 3474 oratione
1006 3403 1174 3490 cernitur,

256 3547 354 3615 opert
366 3528 467 3598 edidit
483 3529 550 3596 duo
568 3523 858 3610 praestantissima,
871 3522 1005 3590 alterum
1020 3521 1177 3594 Obserua-

113 3673 116 3682 ·
198 3679 202 3685 ·
257 3648 405 3729 tionum,
438 3646 574 3712 alterum
604 3637 889 3708 Emendationam.
932 3635 1074 3705 Graecae
1097 3655 1182 3721 qno·

255 3783 323 3858 flue
338 3764 502 3836 doctrinae
522 3758 687 3848 specimen
708 3754 851 3844 prodidit
864 3755 1018 3844 juvenis,
1038 3767 1077 3820 ut
1092 3753 1126 3820 in
1143 3753 1182 3819 ed

1107 3876 1190 3938 attur
