2508 4712
282 201 356 290 Μ
450 200 1048 298 vnnn·n.·1tuttttttn1t1o

288 402 456 490 ennensi,
478 395 513 472 ia'a
529 417 593 484 qna
608 401 686 486 plns
702 399 807 472 lauda
824 403 905 474 mihi
919 406 1097 494 tribuitur,
1123 425 1228 497 qnam

286 535 464 606 sperarem.
515 519 615 608 Quod
635 533 753 586 teneor
774 519 881 605 dicit,
910 541 960 590 nae
981 525 1228 616 chronologica

288 635 422 720 parcius
444 631 612 718 attigisse,
642 631 734 698 nolui
771 651 942 718 recoquens
972 654 1059 722 qnae
1086 645 1172 710 bene
1198 653 1228 712 et

289 755 426 838 copiose
441 755 605 834 disputata
620 761 728 816 essem
744 745 785 814 ab
807 750 879 818 aliis
896 750 1011 838 Velleji
1032 755 1228 840 interpren-

290 873 370 938 itns.
417 873 582 938 numeros
609 863 707 932 etiam
732 867 928 948 mendosos,
956 868 1046 936 sicot
1072 889 1169 942 etant
1195 879 1228 946 in

291 985 430 1052 editione
454 983 621 1066 principe,
645 980 749 1047 dedita
771 993 867 1066 opera
888 985 1028 1072 reliqui,
1062 989 1126 1056 tabi
1152 995 1227 1058 nul·

284 1105 342 1172 int
358 1115 467 1170 eertns
489 1101 667 1180 numeros,
699 1099 756 1182 qui
782 1101 896 1184 reponi
921 1113 1074 1185 posset,
1107 1110 1223 1174 sinet

238 1235 241 1242 ’
287 1237 362 1302 me,
384 1218 454 1286 sive
474 1217 516 1284 ab
541 1215 635 1298 aliis,
657 1231 724 1282 erat
750 1233 907 1300 repertos.
951 1213 1090 1304 Semper
1114 1229 1221 1296 tutius

290 1337 386 1405 estin
400 1336 482 1402 nane
492 1346 616 1416 partem
631 1349 776 1426 peceare.
821 1333 1015 1416 Caeterum,
1038 1354 1155 1404 emmor
1173 1341 1223 1406 si·

289 1447 325 1521 δί
342 1452 434 1520 visus
446 1465 496 1518 est
509 1469 575 1518 non
601 1450 690 1515 nolle
704 1447 897 1534 glossemata
911 1465 990 1533 post
1006 1469 1055 1516 me
1068 1450 1102 1518 in
1118 1467 1222 1522 textu

281 1565 545 1652 oeprmendisse.
587 1563 736 1651 Quorum
752 1581 869 1650 egone
885 1575 986 1632 unum
1004 1568 1131 1648 quidem
1148 1588 1228 1652 pro

286 1683 483 1771 glossemate
506 1683 620 1750 habeo.
664 1681 781 1766 Neque
803 1682 888 1750 enim
918 1682 995 1750 iicet
1020 1687 1119 1754 verbe
1142 1675 1228 1756 sot?

286 1811 405 1886 nupta,
435 1815 595 1884 nmquam
622 1800 802 1885 glossema,
825 1801 957 1884 eiicere,
988 1801 1056 1868 nisi
1081 1805 1216 1872 demon·

284 1919 381 1986 strati
406 1914 514 2000 possit
540 1915 593 1982 eni
616 1917 659 1980 tei
685 1915 888 1998 explicandae
912 1915 1150 2006 inserviemus,
1183 1941 1215 1992 et

282 2032 454 2118 quomodo
468 2033 507 2098 de
522 2031 663 2117 margine
678 2031 712 2100 in
730 2047 852 2098 textum
872 2033 1030 2133 venerint.
1059 2036 1143 2102 iilud
1153 2059 1216 2104 au·

281 2163 350 2218 tent
370 2151 450 2220 mihi
478 2145 651 2234 permirum
673 2147 789 2216 accidit
815 2149 848 2216 in
870 2151 1066 2219 monstrosis
1097 2154 1212 2224 verbis

280 2271 369 2356 (11,
401 2271 470 2356 82)
502 2267 634 2340 Litium
656 2271 692 2336 in
716 2269 857 2336 Castore
886 2283 1016 2368 etrap.
1047 2271 1211 2357 glossema

284 2383 423 2470 quaeri,
455 2401 514 2450 nee
541 2387 653 2452 sentiri
677 2384 908 2453 emendationis
934 2404 1019 2452 meae
1046 2407 1208 2466 praestan.

280 2505 374 2572 tiam.
413 2504 505 2572 Adeo
525 2504 618 2586 panti
635 2517 737 2582 sunt,
754 2501 867 2584 quide
886 2503 981 2572 bonis
998 2508 1211 2576 correctioni·

282 2617 348 2686 bns
363 2617 444 2685 bene
460 2618 604 2702 judicare
619 2615 787 2698 possint.”

326 2731 405 2800 Tris
427 2731 488 2798 sibi
514 2733 575 2799 hot
602 2747 687 2800 anno
703 2736 784 2802 laeta
802 2735 959 2821 obtigisse
982 2755 1113 2810 narrare
1127 2744 1209 2812 solo·

279 2833 349 2917 bit.
392 2845 552 2930 Primnnt,¹
581 2847 671 2930 quod
696 2865 754 2915 sua
787 2851 1065 2921 commendatione
1090 2855 1208 2924 Schni·

281 2961 420 3033 tensium
449 2976 621 3044 nostrum,
645 2962 728 3047 patri
743 2979 872 3033 mostno
900 2984 1147 3054 successorem,
1173 2991 1227 3040 ex}

281 3071 573 3144 nostetommensi
583 3077 731 3146 cathedra
753 3079 786 3145 in
803 3077 1113 3166 Lngdonobanvam
1141 3045 1227 3156 tta-³

277 3187 451 3274 duxissem
475 3190 630 3258 hic'enim
648 3190 755 3274 ipsum
772 3191 858 3262 haud
872 3211 966 3262 secus
983 3215 1019 3264 ac
1039 3212 1207 3282 patentem

278 3303 432 3386 nolebat,
446 3319 479 3370 et
495 3306 567 3388 ipse
580 3304 671 3374 iilius
687 3307 825 3376 candore
839 3323 869 3376 et
886 3311 1047 3378 suavitate
1061 3332 1207 3387 summo·

272 3437 356 3504 pere
385 3421 613 3492 delectabatur.
656 3421 836 3508 Alterum,
865 3429 955 3512 quod
984 3447 1035 3498 nae
1061 3431 1207 3504 firmiore

277 3533 341 3620 jem
360 3535 491 3604 vinculo
510 3539 549 3604 ad
570 3537 717 3608 Batavam
736 3557 848 3610 terram
868 3546 1026 3632 apsttingi
1044 3551 1204 3636 vidisset,

277 3647 381 3716 delata
402 3653 480 3720 mihi
505 3654 539 3720 in
560 3655 850 3732 Amstetodamensi
865 3661 1031 3730 Athenaeo
1048 3666 1204 3740 Philoso-

268 3761 372 3854 phiae
396 3765 626 3856 professione,
658 3772 716 3850 ubi
749 3773 895 3860 ipsene
917 3773 953 3846 in
977 3794 1148 3868 potestate
1172 3801 1199 3854 et

1123 3917 1201 3970 con·
