2348 4716
209 359 281 436 aaa
361 343 538 422 nanno
554 341 621 416 nn
636 339 1003 437 nominemus

212 537 316 616 tilher
341 533 541 629 explicaretl
593 531 733 602 Minime
760 536 857 606 verni
884 537 1030 611 Noverat
1065 565 1156 618 em„

211 663 298 728 hanc
315 653 468 722 rationem
485 650 690 719 austeriorem
709 669 804 736 esse,
827 675 923 738 quam
942 674 977 726 ut
992 663 1168 738 rrniverso

211 773 345 864 populo
371 773 496 858 placem
519 779 652 854 possets
684 766 827 852 resin,
858 772 1049 862 Musicen,
1088 783 1170 852 Co.

206 893 391 972 moediarn,
412 884 649 972 Tragoediam,
670 881 875 970 oratoriam,
897 903 929 956 et
956 895 1070 963 omnis
1094 897 1167 966 ele-

211 1009 339 1098 gantiae
361 1003 508 1073 studium
532 999 680 1082 induxit,
709 1014 746 1068 ut
771 993 985 1074 Atheniuses
1013 1013 1165 1092 pulchri

211 1123 410 1205 honestique
433 1132 533 1188 sensu
564 1111 731 1198 imbueret,
757 1131 791 1184 et
820 1119 951 1203 penitus
986 1125 1163 1199 inliceret.

209 1243 325 1323 neque
340 1237 393 1305 bis
406 1233 623 1304 suavitatibus
644 1247 770 1300 tanturn
787 1234 879 1302 abest
896 1250 933 1302 ut
948 1255 1065 1308 torum
1085 1245 1167 1311 ani.

214 1378 288 1434 mos
311 1356 466 1426 enervarit
486 1351 672 1438 debilesque
689 1349 880 1436 reddiderit,
903 1371 940 1423 ut
964 1360 1087 1442 potius
1117 1365 1163 1432 ad

213 1476 368 1548 maximas
397 1489 543 1557 quasque
557 1489 607 1538 res
623 1469 834 1554 capessendas
850 1473 978 1542 excitati
993 1475 1168 1561 impulsi.

211 1610 278 1676 que
303 1589 437 1658 fuerint.
487 1587 602 1670 ltaque
625 1587 712 1654 bello
736 1586 1039 1674 Peloponnesiaco,
1072 1616 1161 1667 cnm

210 1707 360 1780 Athenae
372 1719 460 1772 extra
474 1701 645 1770 obsidione
658 1717 898 1785 premerentur,
920 1703 1003 1772 intra
1018 1713 1163 1792 gravis-

211 1821 297 1894 sima
315 1820 399 1889 fame
412 1837 449 1888 ac
465 1829 557 1903 peste
573 1817 776 1902 laborarent,
789 1831 879 1886 tanta
890 1823 1066 1905 prudentia
1081 1828 1162 1896 ani·

209 1955 340 2004 morum
367 1935 506 2002 habenas
527 1933 633 2000 renuit
647 1944 680 1998 et
698 1933 880 2002 moderatus
895 1949 968 2018 cst,
991 1951 1030 2004 ut
1044 1940 1159 2008 Athe·

209 2055 342 2126 aienses
354 2047 466 2133 potius
483 2045 620 2128 famem,
636 2061 780 2128 pestem,
793 2043 928 2130 funera,
942 2050 1081 2134 caedes,
1099 2054 1153 2120 in·

81 2251 85 2260 Ι
207 2170 387 2254 pendiaque
400 2183 555 2248 suorum,
573 2165 703 2236 invicto
727 2181 760 2234 et
776 2166 957 2238 incredibili
975 2172 1080 2240 animi
1098 2193 1155 2242 ro·

208 2287 290 2356 bore
305 2285 501 2372 perferrent,
524 2303 618 2366 quarn
634 2284 687 2352 vel
704 2301 852 2367 parumn
877 2285 982 2352 laudis
1007 2303 1042 2355 et
1067 2309 1154 2358 con·

207 2403 346 2476 nuntiae
365 2401 494 2468 tramite
514 2395 658 2470 recedere
680 2403 814 2470 vellent.
857 2401 928 2470 Nec
953 2423 1034 2474 vero
1055 2407 1152 2476 Plato

206 2521 320 2591 solum
341 2519 381 2586 de
401 2513 486 2584 ideis
513 2513 717 2600 disputavit3
740 2515 796 2582 sed
820 2533 888 2584 eam
913 2516 1155 2605 Philosophiae

207 2636 387 2716 nationem,
410 2650 493 2716 qnae
509 2629 692 2700 divinarum
716 2649 820 2700 rerum
845 2648 1009 2717 amorem,
1033 2637 1152 2706 hunta-

207 2767 322 2820 narum
345 2761 545 2818 contentum
577 2746 703 2831 adfert,
741 2747 953 2834 Dialognrurn
984 2753 1152 2820 suavitate

209 2863 468 2946 commendavit,
492 2877 524 2930 et
544 2863 774 2948 elegantiarum
793 2864 927 2934 floribus
942 2869 1148 2954 conspersit.

206 2977 399 3072 Brodietunt
412 2999 489 3066 ergo
511 2999 551 3050 ex
572 2965 643 3066 eins
666 2981 785 3050 Schola
813 3001 880 3050 non
895 2985 1004 3052 solum
1030 2986 1148 3056 Philo·

207 3101 393 3185 snphi‚.in
427 3117 564 3182 quorum
594 3115 630 3166 se
657 3097 861 3182 disciplinam
887 3101 1146 3170 venustissimus

210 3219 352 3303 quiaque
377 3219 601 3288 lubentissime
626 3220 735 3303 daret;
758 3221 815 3286 sed
836 3221 902 3291 duo
925 3223 1021 3290 etiam
1047 3224 1146 3292 nobi·

208 3336 326 3408 tissimi
340 3340 499 3422 juvenes,
522 3333 579 3418 qni
593 3335 713 3422 patrias
730 3355 806 3406 suas
821 3357 839 3407 a
854 3353 1065 3424 tyrannorum
1082 3340 1145 3406 dn·

165 3465 168 3476 ·
208 3452 549 3534 nitarshausen,
580 3449 691 3520 Chion
721 3451 961 3538 Heracleensis,
990 3470 1022 3522 et
1050 3452 1146 3522 Dion

210 3571 448 3653 syracusanus.
487 3569 537 3640 Et
562 3568 674 3636 Chion
698 3569 850 3670 quidem,
871 3589 946 3640 cunr
958 3565 1146 3640 occirlisset

211 3685 331 3766 patriae
351 3686 542 3769 phedonem
557 3682 774 3768 Cleareburn,
796 3686 869 3770 ipse
888 3705 1022 3771 qunque
1040 3701 1143 3754 occu·

209 3801 303 3886 buit,
334 3799 640 3892 generosissimique
671 3802 739 3872 odil
765 3817 918 3872 conatum
951 3824 1011 3874 sua
1037 3816 1142 3872 none

1089 3935 1139 3986 §es
