2388 4714
162 297 431 400 nuurnnonr
451 305 722 400 monumen.
744 327 825 404 un.
841 329 869 402 r.
913 348 979 424 29³

51 513 135 584 aiter
159 515 287 584 corrui
311 529 343 582 er
367 513 554 600 immutavi,
584 514 742 601 retentis,
772 517 971 605 quoadque

52 629 117 697 fleri
132 647 263 716 poterat
275 632 424 716 plurimis
443 634 569 716 verbis,
592 619 694 724 neque
712 635 874 722 reliquiae
895 648 982 724 sunt,

50 760 223 832 corporum
240 758 311 833 pose
338 758 492 829 mortem,
525 767 609 835 quoe
632 727 802 816 cruciarus
826 743 977 831 inflictio·

49 881 120 927 nem
136 839 237 930 solidi
249 881 365 952 capere
373 869 507 952 possint.

93 983 184 1070 Ergo
201 1005 277 1053 cnm
294 985 358 1053 illis
370 989 435 1073 jun
452 987 636 1056 memoratis
652 988 691 1054 de
709 986 835 1082 caussis
860 1003 973 1054 neces·

49 1097 162 1164 sonam
195 1118 267 1166 esse
297 1100 440 1184 priorum
473 1101 666 1184 Editiunum
698 1101 974 1186 comparationem

49 1211 296 1298 intelligebam,
332 1229 400 1282 rum
441 1217 530 1298 quud
560 1215 689 1284 minime
719 1234 970 1286 consentaneum
1070 1273 1083 1292 .

50 1343 110 1394 erar
135 1329 280 1411 rationi,
306 1330 489 1414 profligatis
517 1345 568 1397 tot
593 1331 781 1414 laboribus,
803 1333 890 1398 hunc
915 1351 981 1400 ne·-

52 1440 163 1525 gligere
191 1441 228 1508 in
248 1457 316 1524 quo
331 1443 538 1528 praecipuum
560 1445 691 1512 editoris
717 1465 838 1514 munus
863 1465 971 1514 cerne-

51 1571 153 1640 retur,
175 1558 236 1640 qui
253 1557 371 1644 ualeret
386 1559 425 1624 ad
442 1559 659 1643 cognitionem
678 1559 815 1643 originis
841 1572 873 1626 et
890 1577 967 1640 pro-

53 1690 173 1756 gressus
207 1691 329 1759 atque,
359 1690 397 1748 ut
424 1675 470 1746 ita
499 1675 626 1756 dicam
659 1676 700 1744 ad
732 1674 970 1761 genealogiam,

52 1790 190 1874 vulgatae
225 1790 412 1873 lectionis,
449 1803 694 1876 suppeteret,
729 1791 895 1874 quomodo
930 1791 976 1886 ab

50 1903 160 1974 Aldine
183 1903 283 1974 fonte
307 1906 406 1970 ducta
431 1903 592 1990 scriptura
620 1924 679 1990 per
702 1920 878 1989 sequentes
891 1907 971 2000 Edi,

51 2025 164 2107 tiones,
192 2024 248 2091 vel
288 2023 454 2094 immutata
485 2023 536 2090 vel
557 2003 724 2120 'servarffi
754 2023 793 2090 ad
823 2038 969 2094 nostram

1 2147 2 2208 l
53 2152 170 2208 ceratem
186 2153 367 2226 propagata
388 2137 516 2210 fuisset.
551 2138 668 2222 Neque
682 2157 760 2208 veru
777 2141 962 2224 acquiesce.

1 2248 2 2306 l
55 2273 230 2340 repereram
259 2257 297 2324 in
322 2275 360 2324 eo
375 2254 541 2324 variorum
563 2255 757 2322 Lectionum
779 2255 887 2324 lodice
904 2256 965 2340 qui

53 2373 208 2442 edrolcem
230 2369 581 2442 Graeco-Latinarum
601 2367 789 2438 Editionum
806 2372 960 2475 dedicetur

1 2475 2 2566 J
52 2501 110 2569 esr;
131 2489 251 2573 quippe
268 2504 365 2568 quem
379 2487 474 2556 valde
486 2487 680 2571 negligenter
702 2485 887 2556 confectum
905 2507 957 2556 es-

55 2598 225 2689 seeeirem,
249 2606 398 2674 locorum
421 2605 633 2690 plurimorum
659 2625 732 2675 cum
763 2607 968 2700 omissione,

54 2731 111 2787 rum
144 2725 298 2792 mendoso
337 2723 566 2806 descriptione.
627 2723 741 2808 Neque
778 2737 969 2798 contentus„

54 2851 122 2902 enm
147 2838 274 2922 priores
303 2837 533 2914 Editioues,rr'd
560 2855 701 2904 manum
717 2837 830 2904 habere
851 2853 883 2904 et
908 2839 964 2904 iu·.

58 2950 161 3032 spicere
175 2955 216 3021 ad
232 2971 396 3037 quemque
410 2969 504 3036 quem
523 2965 687 3018 tractarem
703 2952 830 3033 locum;
848 2951 958 3034 quod,
1004 2948 1008 2956 ’

57 3079 207 3154 ιιῑίιιῐω,
240 3071 288 3138 ita
313 3085 428 3155 postca
456 3088 582 3153 semper
605 3065 691 3164 ieci..
731 3066 838 3151 Ipsam
858 3067 961 3150 igitur

60 3175 184 3252 abrutio
205 3185 248 3254 ad
273 3185 367 3254 finem
393 3183 543 3254 Aldinrm
574 3201 646 3280 cum
675 3199 963 3268 strenuosque

60 3307 111 3362 ur
128 3303 242 3370 contuli
268 3317 301 3369 ct
321 3301 526 3384 comparavi,
547 3299 689 3376 adhibita
705 3299 779 3366 irem
798 3297 959 3395 basileen-

59 3405 86 3471 εἰ
115 3427 253 3500 utreque,
285 3435 326 3485 ex
356 3417 461 3499 iisque
488 3431 614 3481 omnem
639 3412 788 3480 lectionis
824 3413 960 3488 varices,
1055 3389 1059 3402 ”

59 3535 116 3590 tem
140 3534 267 3626 moroni.
318 3533 402 3600 Fuit
419 3532 483 3606 ,hie
516 3532 626 3613 labor,
657 3530 849 3598 subsecivus
884 3531 959 3616 qui·

56 3638 137 3726 dem,
157 3649 207 3716 red
232 3663 339 3718 remen
363 3650 454 3718 labor
481 3652 619 3720 duorum
645 3647 710 3716 fere
735 3667 903 3720 annorum.

77 3755 319 3836 uirorumue
344 3765 490 3836 molestie
512 3768 608 3834 istius
633 3767 773 3851 negotii,
796 3768 953 3840 librorum

58 3871 232 3958 scril’tomm
248 3897 280 3952 et
295 3883 456 3952 editorum
480 3886 766 3982 excerpendorum,
789 3901 953 3976 excerpta·

514 4000 588 4088 Tg
881 4013 953 4070 rum
