<?xml version="1.0" encoding="UTF-8"?>
<!DOCTYPE html PUBLIC "-//W3C//DTD XHTML 1.0 Transitional//EN"
    "http://www.w3.org/TR/xhtml1/DTD/xhtml1-transitional.dtd">
<html xmlns="http://www.w3.org/1999/xhtml" xml:lang="en" lang="en">
 <head>
  <title>
</title>
<meta http-equiv="Content-Type" content="text/html;charset=utf-8" />
  <meta name='ocr-system' content='tesseract 3.04.00' />
  <meta name='ocr-capabilities' content='ocr_page ocr_carea ocr_par ocr_line ocrx_word'/>
</head>
<body>
  <div class='ocr_page' id='page_1' title='image "./opusculavariiar01wyttgoog_0730.png"; bbox 0 0 2506 4712; ppageno 0'>
   <div class='ocr_carea' id='block_1_1' title="bbox 226 307 1011 404">
    <p class='ocr_par' dir='ltr' id='par_1_1' title="bbox 226 307 1011 404">
     <span class='ocr_line' id='line_1_1' title="bbox 226 307 1011 404; baseline -0.003 -19"><span class='ocrx_word' id='word_1_1' title='bbox 226 311 365 386; x_wconf 78' lang='lat' dir='ltr'><strong>vrss</strong></span> <span class='ocrx_word' id='word_1_2' title='bbox 410 313 455 384; x_wconf 87' lang='lat' dir='ltr'><strong>n.</strong></span> <span class='ocrx_word' id='word_1_3' title='bbox 494 307 833 386; x_wconf 71' lang='lat' dir='ltr'><strong>susurrare</strong></span> <span class='ocrx_word' id='word_1_4' title='bbox 943 323 1011 404; x_wconf 72' lang='lat' dir='ltr'><strong>aa</strong></span> 
     </span>
    </p>
   </div>
   <div class='ocr_carea' id='block_1_2' title="bbox 44 497 1094 3224">
    <p class='ocr_par' dir='ltr' id='par_1_2' title="bbox 44 497 1094 3224">
     <span class='ocr_line' id='line_1_2' title="bbox 47 497 1003 588; baseline 0.003 -19"><span class='ocrx_word' id='word_1_5' title='bbox 47 519 123 588; x_wconf 85' lang='lat' dir='ltr'><strong>que</strong></span> <span class='ocrx_word' id='word_1_6' title='bbox 152 501 263 582; x_wconf 88' lang='lat' dir='ltr'><strong>recti,</strong></span> <span class='ocrx_word' id='word_1_7' title='bbox 287 515 451 582; x_wconf 81' lang='lat' dir='ltr'><strong>caecoque</strong></span> <span class='ocrx_word' id='word_1_8' title='bbox 476 497 529 564; x_wconf 91' lang='lat' dir='ltr'><strong>sui</strong></span> <span class='ocrx_word' id='word_1_9' title='bbox 554 515 681 580; x_wconf 87' lang='lat' dir='ltr'><strong>aurore,</strong></span> <span class='ocrx_word' id='word_1_10' title='bbox 705 513 850 584; x_wconf 86' lang='lat' dir='ltr'><strong>speratos</strong></span> <span class='ocrx_word' id='word_1_11' title='bbox 869 501 1003 578; x_wconf 86' lang='lat' dir='ltr'><strong>lectores</strong></span> 
     </span>
     <span class='ocr_line' id='line_1_3' title="bbox 45 602 1008 704; baseline -0.004 -22"><span class='ocrx_word' id='word_1_12' title='bbox 45 627 337 695; x_wconf 78' lang='lat' dir='ltr'><strong>contemnerent,</strong></span> <span class='ocrx_word' id='word_1_13' title='bbox 361 613 482 697; x_wconf 85' lang='lat' dir='ltr'><strong>quibus</strong></span> <span class='ocrx_word' id='word_1_14' title='bbox 507 602 652 680; x_wconf 84' lang='lat' dir='ltr'><strong>inficetas</strong></span> <span class='ocrx_word' id='word_1_15' title='bbox 680 616 761 681; x_wconf 80' lang='lat' dir='ltr'><strong>istas</strong></span> <span class='ocrx_word' id='word_1_16' title='bbox 787 617 884 700; x_wconf 83' lang='lat' dir='ltr'><strong>dapes</strong></span> <span class='ocrx_word' id='word_1_17' title='bbox 907 639 1008 704; x_wconf 82' lang='lat' dir='ltr'><strong>appo.</strong></span> 
     </span>
     <span class='ocr_line' id='line_1_4' title="bbox 45 727 1007 820; baseline 0.005 -20"><span class='ocrx_word' id='word_1_18' title='bbox 45 751 141 805; x_wconf 88' lang='lat' dir='ltr'><strong>nere</strong></span> <span class='ocrx_word' id='word_1_19' title='bbox 164 731 333 800; x_wconf 79' lang='lat' dir='ltr'><strong>auderent.</strong></span> <span class='ocrx_word' id='word_1_20' title='bbox 376 727 452 798; x_wconf 81' lang='lat' dir='ltr'><strong>Fuit</strong></span> <span class='ocrx_word' id='word_1_21' title='bbox 470 730 590 812; x_wconf 83' lang='lat' dir='ltr'><strong>aliquis</strong></span> <span class='ocrx_word' id='word_1_22' title='bbox 609 731 714 814; x_wconf 91' lang='lat' dir='ltr'><strong>ipsius</strong></span> <span class='ocrx_word' id='word_1_23' title='bbox 739 729 1007 820; x_wconf 80' lang='lat' dir='ltr'><strong>Valckenariique</strong></span> 
     </span>
     <span class='ocr_line' id='line_1_5' title="bbox 45 846 1007 934; baseline 0.005 -19"><span class='ocrx_word' id='word_1_24' title='bbox 45 848 280 930; x_wconf 86' lang='lat' dir='ltr'><strong>discipulus,</strong></span> <span class='ocrx_word' id='word_1_25' title='bbox 303 847 487 914; x_wconf 87' lang='lat' dir='ltr'><strong>adolescens</strong></span> <span class='ocrx_word' id='word_1_26' title='bbox 508 846 610 913; x_wconf 87' lang='lat' dir='ltr'><strong>bonae</strong></span> <span class='ocrx_word' id='word_1_27' title='bbox 634 847 758 915; x_wconf 88' lang='lat' dir='ltr'><strong>indolis</strong></span> <span class='ocrx_word' id='word_1_28' title='bbox 779 865 816 914; x_wconf 93' lang='lat' dir='ltr'><strong>ac</strong></span> <span class='ocrx_word' id='word_1_29' title='bbox 834 850 924 932; x_wconf 81' lang='lat' dir='ltr'><strong>spei:</strong></span> <span class='ocrx_word' id='word_1_30' title='bbox 948 856 1007 934; x_wconf 89' lang='lat' dir='ltr'><strong>qui</strong></span> 
     </span>
     <span class='ocr_line' id='line_1_6' title="bbox 44 959 1005 1045; baseline 0.003 -14"><span class='ocrx_word' id='word_1_31' title='bbox 44 963 94 1031; x_wconf 84' lang='lat' dir='ltr'><strong>nb</strong></span> <span class='ocrx_word' id='word_1_32' title='bbox 117 960 252 1045; x_wconf 86' lang='lat' dir='ltr'><strong>ineptis</strong></span> <span class='ocrx_word' id='word_1_33' title='bbox 270 961 492 1028; x_wconf 74' lang='lat' dir='ltr'><strong>laudatoribus</strong></span> <span class='ocrx_word' id='word_1_34' title='bbox 507 960 548 1026; x_wconf 88' lang='lat' dir='ltr'><strong>ad</strong></span> <span class='ocrx_word' id='word_1_35' title='bbox 568 959 619 1027; x_wconf 86' lang='lat' dir='ltr'><strong>sui</strong></span> <span class='ocrx_word' id='word_1_36' title='bbox 637 959 742 1044; x_wconf 87' lang='lat' dir='ltr'><strong>ipsius</strong></span> <span class='ocrx_word' id='word_1_37' title='bbox 759 962 1005 1034; x_wconf 78' lang='lat' dir='ltr'><strong>admirationem</strong></span> 
     </span>
     <span class='ocr_line' id='line_1_7' title="bbox 46 1079 1048 1176; baseline 0.001 -26"><span class='ocrx_word' id='word_1_38' title='bbox 46 1081 310 1163; x_wconf 79' lang='lat' dir='ltr'><strong>vanitatemque</strong></span> <span class='ocrx_word' id='word_1_39' title='bbox 324 1082 456 1161; x_wconf 88' lang='lat' dir='ltr'><strong>elatus,</strong></span> <span class='ocrx_word' id='word_1_40' title='bbox 481 1097 580 1162; x_wconf 88' lang='lat' dir='ltr'><strong>quum</strong></span> <span class='ocrx_word' id='word_1_41' title='bbox 598 1079 797 1163; x_wconf 82' lang='lat' dir='ltr'><strong>audivisset,</strong></span> <span class='ocrx_word' id='word_1_42' title='bbox 819 1083 941 1167; x_wconf 65' lang='lat' dir='ltr'><strong>duplex</strong></span> <span class='ocrx_word' id='word_1_43' title='bbox 955 1103 1009 1151; x_wconf 84' lang='lat' dir='ltr'><strong>es·</strong></span> <span class='ocrx_word' id='word_1_44' title='bbox 1046 1168 1048 1176; x_wconf 17' lang='grc' dir='ltr'><strong><em>Α</em></strong></span> 
     </span>
     <span class='ocr_line' id='line_1_8' title="bbox 50 1196 1008 1282; baseline 0.004 -18"><span class='ocrx_word' id='word_1_45' title='bbox 50 1215 93 1264; x_wconf 85' lang='lat' dir='ltr'><strong>se</strong></span> <span class='ocrx_word' id='word_1_46' title='bbox 126 1215 241 1282; x_wconf 86' lang='lat' dir='ltr'><strong>genus</strong></span> <span class='ocrx_word' id='word_1_47' title='bbox 268 1196 551 1278; x_wconf 78' lang='lat' dir='ltr'><strong>emendationum,</strong></span> <span class='ocrx_word' id='word_1_48' title='bbox 576 1198 709 1262; x_wconf 90' lang='lat' dir='ltr'><strong>aiterum</strong></span> <span class='ocrx_word' id='word_1_49' title='bbox 728 1197 870 1280; x_wconf 86' lang='lat' dir='ltr'><strong>ingenii,</strong></span> <span class='ocrx_word' id='word_1_50' title='bbox 893 1201 1008 1268; x_wconf 83' lang='lat' dir='ltr'><strong>subito</strong></span> 
     </span>
     <span class='ocr_line' id='line_1_9' title="bbox 51 1309 1004 1393; baseline -0.009 -14"><span class='ocrx_word' id='word_1_51' title='bbox 51 1313 148 1380; x_wconf 87' lang='lat' dir='ltr'><strong>illud</strong></span> <span class='ocrx_word' id='word_1_52' title='bbox 174 1323 211 1377; x_wconf 90' lang='lat' dir='ltr'><strong>et</strong></span> <span class='ocrx_word' id='word_1_53' title='bbox 239 1323 358 1393; x_wconf 84' lang='lat' dir='ltr'><strong>sponte</strong></span> <span class='ocrx_word' id='word_1_54' title='bbox 375 1326 531 1389; x_wconf 88' lang='lat' dir='ltr'><strong>nascens,</strong></span> <span class='ocrx_word' id='word_1_55' title='bbox 555 1311 688 1376; x_wconf 86' lang='lat' dir='ltr'><strong>aiterum</strong></span> <span class='ocrx_word' id='word_1_56' title='bbox 712 1309 898 1393; x_wconf 84' lang='lat' dir='ltr'><strong>doetrinae,</strong></span> <span class='ocrx_word' id='word_1_57' title='bbox 923 1325 1004 1378; x_wconf 86' lang='lat' dir='ltr'><strong>teor.</strong></span> 
     </span>
     <span class='ocr_line' id='line_1_10' title="bbox 53 1429 1006 1522; baseline 0.002 -24"><span class='ocrx_word' id='word_1_58' title='bbox 53 1449 147 1517; x_wconf 84' lang='lat' dir='ltr'><strong>pore</strong></span> <span class='ocrx_word' id='word_1_59' title='bbox 169 1446 210 1494; x_wconf 92' lang='lat' dir='ltr'><strong>ac</strong></span> <span class='ocrx_word' id='word_1_60' title='bbox 229 1429 339 1495; x_wconf 86' lang='lat' dir='ltr'><strong>labore</strong></span> <span class='ocrx_word' id='word_1_61' title='bbox 359 1429 566 1522; x_wconf 85' lang='lat' dir='ltr'><strong>quaesitum,</strong></span> <span class='ocrx_word' id='word_1_62' title='bbox 589 1429 717 1512; x_wconf 85' lang='lat' dir='ltr'><strong>ingenio</strong></span> <span class='ocrx_word' id='word_1_63' title='bbox 733 1429 798 1496; x_wconf 91' lang='lat' dir='ltr'><strong>isto</strong></span> <span class='ocrx_word' id='word_1_64' title='bbox 816 1449 920 1497; x_wconf 87' lang='lat' dir='ltr'><strong>rerum</strong></span> <span class='ocrx_word' id='word_1_65' title='bbox 935 1433 1006 1500; x_wconf 88' lang='lat' dir='ltr'><strong>ina·</strong></span> 
     </span>
     <span class='ocr_line' id='line_1_11' title="bbox 54 1543 1041 1640; baseline -0.003 -23"><span class='ocrx_word' id='word_1_66' title='bbox 54 1547 95 1618; x_wconf 87' lang='lat' dir='ltr'><strong>ni</strong></span> <span class='ocrx_word' id='word_1_67' title='bbox 113 1561 149 1614; x_wconf 87' lang='lat' dir='ltr'><strong>et</strong></span> <span class='ocrx_word' id='word_1_68' title='bbox 165 1547 285 1640; x_wconf 80' lang='lat' dir='ltr'><strong>jejuno</strong></span> <span class='ocrx_word' id='word_1_69' title='bbox 302 1545 336 1611; x_wconf 90' lang='lat' dir='ltr'><strong>in</strong></span> <span class='ocrx_word' id='word_1_70' title='bbox 351 1545 536 1611; x_wconf 84' lang='lat' dir='ltr'><strong>emendandi</strong></span> <span class='ocrx_word' id='word_1_71' title='bbox 556 1545 649 1627; x_wconf 86' lang='lat' dir='ltr'><strong>quasi</strong></span> <span class='ocrx_word' id='word_1_72' title='bbox 668 1543 826 1612; x_wconf 88' lang='lat' dir='ltr'><strong>officinam</strong></span> <span class='ocrx_word' id='word_1_73' title='bbox 845 1563 881 1610; x_wconf 90' lang='lat' dir='ltr'><strong>se</strong></span> <span class='ocrx_word' id='word_1_74' title='bbox 899 1548 1006 1633; x_wconf 84' lang='lat' dir='ltr'><strong>conji·</strong></span> <span class='ocrx_word' id='word_1_75' title='bbox 1039 1625 1041 1635; x_wconf 30' lang='grc'>1</span> 
     </span>
     <span class='ocr_line' id='line_1_12' title="bbox 55 1659 1004 1746; baseline -0.004 -14"><span class='ocrx_word' id='word_1_76' title='bbox 55 1662 197 1742; x_wconf 83' lang='lat' dir='ltr'><strong>ciebat,</strong></span> <span class='ocrx_word' id='word_1_77' title='bbox 223 1659 345 1746; x_wconf 75' lang='lat' dir='ltr'><strong>integra</strong></span> <span class='ocrx_word' id='word_1_78' title='bbox 370 1676 514 1745; x_wconf 88' lang='lat' dir='ltr'><strong>quaeque</strong></span> <span class='ocrx_word' id='word_1_79' title='bbox 536 1677 567 1727; x_wconf 92' lang='lat' dir='ltr'><strong>et</strong></span> <span class='ocrx_word' id='word_1_80' title='bbox 595 1679 670 1728; x_wconf 85' lang='lat' dir='ltr'><strong>sane</strong></span> <span class='ocrx_word' id='word_1_81' title='bbox 693 1663 884 1744; x_wconf 83' lang='lat' dir='ltr'><strong>corrigens:</strong></span> <span class='ocrx_word' id='word_1_82' title='bbox 916 1661 1004 1728; x_wconf 87' lang='lat' dir='ltr'><strong>baud</strong></span> 
     </span>
     <span class='ocr_line' id='line_1_13' title="bbox 57 1773 1005 1860; baseline -0.001 -16"><span class='ocrx_word' id='word_1_83' title='bbox 57 1777 213 1845; x_wconf 88' lang='lat' dir='ltr'><strong>obscure</strong></span> <span class='ocrx_word' id='word_1_84' title='bbox 231 1774 395 1860; x_wconf 83' lang='lat' dir='ltr'><strong>ingenium</strong></span> <span class='ocrx_word' id='word_1_85' title='bbox 413 1776 445 1839; x_wconf 90' lang='lat' dir='ltr'><strong>in</strong></span> <span class='ocrx_word' id='word_1_86' title='bbox 463 1775 605 1840; x_wconf 82' lang='lat' dir='ltr'><strong>absentia</strong></span> <span class='ocrx_word' id='word_1_87' title='bbox 617 1773 782 1841; x_wconf 89' lang='lat' dir='ltr'><strong>doctrinae</strong></span> <span class='ocrx_word' id='word_1_88' title='bbox 796 1795 941 1860; x_wconf 85' lang='lat' dir='ltr'><strong>ponens,</strong></span> <span class='ocrx_word' id='word_1_89' title='bbox 952 1778 1005 1845; x_wconf 88' lang='lat' dir='ltr'><strong>ni·</strong></span> 
     </span>
     <span class='ocr_line' id='line_1_14' title="bbox 54 1889 1008 1972; baseline -0.001 -12"><span class='ocrx_word' id='word_1_90' title='bbox 54 1893 186 1960; x_wconf 91' lang='lat' dir='ltr'><strong>mirum</strong></span> <span class='ocrx_word' id='word_1_91' title='bbox 208 1889 294 1956; x_wconf 89' lang='lat' dir='ltr'><strong>illud</strong></span> <span class='ocrx_word' id='word_1_92' title='bbox 319 1891 428 1955; x_wconf 85' lang='lat' dir='ltr'><strong>adesse</strong></span> <span class='ocrx_word' id='word_1_93' title='bbox 449 1889 513 1955; x_wconf 91' lang='lat' dir='ltr'><strong>sibi</strong></span> <span class='ocrx_word' id='word_1_94' title='bbox 540 1905 680 1972; x_wconf 86' lang='lat' dir='ltr'><strong>putans,</strong></span> <span class='ocrx_word' id='word_1_95' title='bbox 704 1889 785 1956; x_wconf 84' lang='lat' dir='ltr'><strong>hanc</strong></span> <span class='ocrx_word' id='word_1_96' title='bbox 804 1892 914 1958; x_wconf 85' lang='lat' dir='ltr'><strong>deesse</strong></span> <span class='ocrx_word' id='word_1_97' title='bbox 933 1908 1008 1960; x_wconf 83' lang='lat' dir='ltr'><strong>sen-</strong></span> 
     </span>
     <span class='ocr_line' id='line_1_15' title="bbox 55 2006 1005 2094; baseline 0.003 -20"><span class='ocrx_word' id='word_1_98' title='bbox 55 2011 164 2081; x_wconf 86' lang='lat' dir='ltr'><strong>tiens.</strong></span> <span class='ocrx_word' id='word_1_99' title='bbox 216 2007 280 2074; x_wconf 90' lang='lat' dir='ltr'><strong>Hic</strong></span> <span class='ocrx_word' id='word_1_100' title='bbox 308 2006 435 2088; x_wconf 90' lang='lat' dir='ltr'><strong>quidem</strong></span> <span class='ocrx_word' id='word_1_101' title='bbox 460 2023 595 2090; x_wconf 83' lang='lat' dir='ltr'><strong>postea,</strong></span> <span class='ocrx_word' id='word_1_102' title='bbox 617 2025 798 2092; x_wconf 82' lang='lat' dir='ltr'><strong>agnoscens</strong></span> <span class='ocrx_word' id='word_1_103' title='bbox 816 2027 913 2074; x_wconf 87' lang='lat' dir='ltr'><strong>suurn</strong></span> <span class='ocrx_word' id='word_1_104' title='bbox 932 2011 1005 2094; x_wconf 86' lang='lat' dir='ltr'><strong>ipse</strong></span> 
     </span>
     <span class='ocr_line' id='line_1_16' title="bbox 56 2111 1034 2206; baseline -0.003 -11"><span class='ocrx_word' id='word_1_105' title='bbox 56 2145 236 2206; x_wconf 86' lang='lat' dir='ltr'><strong>errorem,</strong></span> <span class='ocrx_word' id='word_1_106' title='bbox 262 2141 300 2190; x_wconf 85' lang='lat' dir='ltr'><strong>ac</strong></span> <span class='ocrx_word' id='word_1_107' title='bbox 323 2123 490 2191; x_wconf 86' lang='lat' dir='ltr'><strong>doctrinae</strong></span> <span class='ocrx_word' id='word_1_108' title='bbox 506 2125 720 2205; x_wconf 83' lang='lat' dir='ltr'><strong>adquirendae</strong></span> <span class='ocrx_word' id='word_1_109' title='bbox 733 2143 808 2190; x_wconf 90' lang='lat' dir='ltr'><strong>cum</strong></span> <span class='ocrx_word' id='word_1_110' title='bbox 832 2125 1006 2192; x_wconf 80' lang='lat' dir='ltr'><strong>necessita·</strong></span> <span class='ocrx_word' id='word_1_111' title='bbox 1031 2111 1034 2118; x_wconf 68' lang='grc'><strong>’</strong></span> 
     </span>
     <span class='ocr_line' id='line_1_17' title="bbox 59 2236 1008 2317; baseline 0 -11"><span class='ocrx_word' id='word_1_112' title='bbox 59 2253 126 2306; x_wconf 88' lang='lat' dir='ltr'><strong>tem</strong></span> <span class='ocrx_word' id='word_1_113' title='bbox 150 2255 227 2306; x_wconf 89' lang='lat' dir='ltr'><strong>tum</strong></span> <span class='ocrx_word' id='word_1_114' title='bbox 254 2237 499 2317; x_wconf 86' lang='lat' dir='ltr'><strong>difficultatem,</strong></span> <span class='ocrx_word' id='word_1_115' title='bbox 523 2239 594 2303; x_wconf 78' lang='lat' dir='ltr'><strong>sea</strong></span> <span class='ocrx_word' id='word_1_116' title='bbox 617 2236 800 2308; x_wconf 81' lang='lat' dir='ltr'><strong>Literaruns</strong></span> <span class='ocrx_word' id='word_1_117' title='bbox 826 2239 947 2306; x_wconf 86' lang='lat' dir='ltr'><strong>studiis</strong></span> <span class='ocrx_word' id='word_1_118' title='bbox 965 2239 1008 2306; x_wconf 84' lang='lat' dir='ltr'><strong>ad</strong></span> 
     </span>
     <span class='ocr_line' id='line_1_18' title="bbox 62 2351 1005 2436; baseline -0.004 -14"><span class='ocrx_word' id='word_1_119' title='bbox 62 2355 155 2422; x_wconf 87' lang='lat' dir='ltr'><strong>aliud</strong></span> <span class='ocrx_word' id='word_1_120' title='bbox 176 2353 264 2422; x_wconf 86' lang='lat' dir='ltr'><strong>vitae</strong></span> <span class='ocrx_word' id='word_1_121' title='bbox 290 2369 392 2436; x_wconf 84' lang='lat' dir='ltr'><strong>genus</strong></span> <span class='ocrx_word' id='word_1_122' title='bbox 417 2351 570 2423; x_wconf 88' lang='lat' dir='ltr'><strong>contulit.</strong></span> <span class='ocrx_word' id='word_1_123' title='bbox 615 2351 678 2418; x_wconf 89' lang='lat' dir='ltr'><strong>Sed</strong></span> <span class='ocrx_word' id='word_1_124' title='bbox 703 2352 942 2434; x_wconf 85' lang='lat' dir='ltr'><strong>Ruhnkenius,</strong></span> <span class='ocrx_word' id='word_1_125' title='bbox 965 2367 1005 2418; x_wconf 86' lang='lat' dir='ltr'><strong>ut</strong></span> 
     </span>
     <span class='ocr_line' id='line_1_19' title="bbox 62 2463 1004 2552; baseline 0 -16"><span class='ocrx_word' id='word_1_126' title='bbox 62 2486 164 2539; x_wconf 83' lang='lat' dir='ltr'><strong>acute</strong></span> <span class='ocrx_word' id='word_1_127' title='bbox 182 2469 481 2551; x_wconf 83' lang='lat' dir='ltr'><strong>animadvertebat,</strong></span> <span class='ocrx_word' id='word_1_128' title='bbox 503 2468 562 2550; x_wconf 90' lang='lat' dir='ltr'><strong>qui</strong></span> <span class='ocrx_word' id='word_1_129' title='bbox 578 2463 779 2551; x_wconf 77' lang='lat' dir='ltr'><strong>calcaribus,</strong></span> <span class='ocrx_word' id='word_1_130' title='bbox 802 2471 861 2552; x_wconf 89' lang='lat' dir='ltr'><strong>qui</strong></span> <span class='ocrx_word' id='word_1_131' title='bbox 884 2467 1004 2536; x_wconf 79' lang='lat' dir='ltr'><strong>scaenis</strong></span> 
     </span>
     <span class='ocr_line' id='line_1_20' title="bbox 62 2585 1005 2676; baseline -0.004 -18"><span class='ocrx_word' id='word_1_132' title='bbox 62 2603 154 2675; x_wconf 85' lang='lat' dir='ltr'><strong>opus</strong></span> <span class='ocrx_word' id='word_1_133' title='bbox 172 2587 328 2656; x_wconf 85' lang='lat' dir='ltr'><strong>haberent</strong></span> <span class='ocrx_word' id='word_1_134' title='bbox 347 2585 500 2670; x_wconf 83' lang='lat' dir='ltr'><strong>discipuli</strong></span> <span class='ocrx_word' id='word_1_135' title='bbox 523 2588 645 2676; x_wconf 83' lang='lat'>(87):</span> <span class='ocrx_word' id='word_1_136' title='bbox 669 2587 715 2655; x_wconf 87' lang='lat' dir='ltr'><strong>ita</strong></span> <span class='ocrx_word' id='word_1_137' title='bbox 740 2588 883 2654; x_wconf 80' lang='lat' dir='ltr'><strong>fraenum</strong></span> <span class='ocrx_word' id='word_1_138' title='bbox 901 2603 1005 2654; x_wconf 87' lang='lat' dir='ltr'><strong>unum</strong></span> 
     </span>
     <span class='ocr_line' id='line_1_21' title="bbox 63 2701 1004 2785; baseline -0.006 -13"><span class='ocrx_word' id='word_1_139' title='bbox 63 2703 358 2784; x_wconf 83' lang='lat' dir='ltr'><strong>certissimumque</strong></span> <span class='ocrx_word' id='word_1_140' title='bbox 386 2702 536 2766; x_wconf 85' lang='lat' dir='ltr'><strong>censebat</strong></span> <span class='ocrx_word' id='word_1_141' title='bbox 565 2702 721 2769; x_wconf 86' lang='lat' dir='ltr'><strong>rationem</strong></span> <span class='ocrx_word' id='word_1_142' title='bbox 746 2704 877 2785; x_wconf 76' lang='lat' dir='ltr'><strong>aseri,</strong></span> <span class='ocrx_word' id='word_1_143' title='bbox 901 2701 1004 2782; x_wconf 88' lang='lat' dir='ltr'><strong>recti,</strong></span> 
     </span>
     <span class='ocr_line' id='line_1_22' title="bbox 65 2811 1094 2910; baseline -0.006 -22"><span class='ocrx_word' id='word_1_144' title='bbox 65 2816 253 2896; x_wconf 87' lang='lat' dir='ltr'><strong>decorique</strong></span> <span class='ocrx_word' id='word_1_145' title='bbox 280 2813 405 2900; x_wconf 88' lang='lat' dir='ltr'><strong>judicio</strong></span> <span class='ocrx_word' id='word_1_146' title='bbox 430 2811 631 2897; x_wconf 82' lang='lat' dir='ltr'><strong>profectam:</strong></span> <span class='ocrx_word' id='word_1_147' title='bbox 667 2815 757 2896; x_wconf 90' lang='lat' dir='ltr'><strong>quod</strong></span> <span class='ocrx_word' id='word_1_148' title='bbox 779 2813 922 2882; x_wconf 85' lang='lat' dir='ltr'><strong>fraenum</strong></span> <span class='ocrx_word' id='word_1_149' title='bbox 948 2817 1008 2897; x_wconf 86' lang='lat' dir='ltr'><strong>qui</strong></span> <span class='ocrx_word' id='word_1_150' title='bbox 1092 2903 1094 2910; x_wconf 28' lang='grc' dir='ltr'>Ι</span> 
     </span>
     <span class='ocr_line' id='line_1_23' title="bbox 70 2919 1008 3017; baseline -0.003 -15"><span class='ocrx_word' id='word_1_151' title='bbox 70 2944 292 3017; x_wconf 79' lang='lat' dir='ltr'><strong>respuerent,</strong></span> <span class='ocrx_word' id='word_1_152' title='bbox 315 2948 371 2995; x_wconf 90' lang='lat' dir='ltr'><strong>eos</strong></span> <span class='ocrx_word' id='word_1_153' title='bbox 388 2919 549 3013; x_wconf 82' lang='lat' dir='ltr'><strong>sibiipsis</strong></span> <span class='ocrx_word' id='word_1_154' title='bbox 565 2946 603 2996; x_wconf 89' lang='lat' dir='ltr'><strong>tc</strong></span> <span class='ocrx_word' id='word_1_155' title='bbox 622 2925 760 3013; x_wconf 86' lang='lat' dir='ltr'><strong>tempori</strong></span> <span class='ocrx_word' id='word_1_156' title='bbox 778 2931 1008 3012; x_wconf 79' lang='lat' dir='ltr'><strong>relinquendos</strong></span> 
     </span>
     <span class='ocr_line' id='line_1_24' title="bbox 69 3042 1012 3128; baseline -0.008 -12"><span class='ocrx_word' id='word_1_157' title='bbox 69 3063 172 3116; x_wconf 74' lang='lat' dir='ltr'><strong>esses</strong></span> <span class='ocrx_word' id='word_1_158' title='bbox 200 3043 258 3128; x_wconf 91' lang='lat' dir='ltr'><strong>qni</strong></span> <span class='ocrx_word' id='word_1_159' title='bbox 284 3043 482 3128; x_wconf 81' lang='lat' dir='ltr'><strong>reciperent,</strong></span> <span class='ocrx_word' id='word_1_160' title='bbox 503 3061 583 3126; x_wconf 90' lang='lat' dir='ltr'><strong>eos,</strong></span> <span class='ocrx_word' id='word_1_161' title='bbox 606 3054 644 3110; x_wconf 90' lang='lat' dir='ltr'><strong>ut</strong></span> <span class='ocrx_word' id='word_1_162' title='bbox 668 3042 709 3114; x_wconf 81' lang='lat' dir='ltr'><strong>ab</strong></span> <span class='ocrx_word' id='word_1_163' title='bbox 732 3044 919 3114; x_wconf 84' lang='lat' dir='ltr'><strong>emendmdi</strong></span> <span class='ocrx_word' id='word_1_164' title='bbox 937 3044 1012 3110; x_wconf 89' lang='lat' dir='ltr'><strong>libi·</strong></span> 
     </span>
     <span class='ocr_line' id='line_1_25' title="bbox 965 3157 1016 3224; baseline -0.196 1"><span class='ocrx_word' id='word_1_165' title='bbox 965 3157 1016 3224; x_wconf 82' lang='lat' dir='ltr'><strong>dr.</strong></span> 
     </span>
    </p>
   </div>
   <div class='ocr_carea' id='block_1_3' title="bbox 70 3327 1056 3855">
    <p class='ocr_par' dir='ltr' id='par_1_3' title="bbox 70 3327 1056 3855">
     <span class='ocr_line' id='line_1_26' title="bbox 109 3327 1056 3420; baseline -0.01 -18"><span class='ocrx_word' id='word_1_166' title='bbox 109 3336 211 3420; x_wconf 74' lang='lat'>(87)</span> <span class='ocrx_word' id='word_1_167' title='bbox 241 3339 282 3408; x_wconf 84' lang='lat' dir='ltr'><strong>Ut</strong></span> <span class='ocrx_word' id='word_1_168' title='bbox 302 3339 439 3398; x_wconf 82' lang='lat' dir='ltr'><strong>Isocrates</strong></span> <span class='ocrx_word' id='word_1_169' title='bbox 458 3335 527 3396; x_wconf 87' lang='lat' dir='ltr'><strong>fecit</strong></span> <span class='ocrx_word' id='word_1_170' title='bbox 546 3336 574 3393; x_wconf 89' lang='lat' dir='ltr'><strong>in</strong></span> <span class='ocrx_word' id='word_1_171' title='bbox 593 3333 788 3411; x_wconf 69' lang='lat' dir='ltr'><strong>Theopompo</strong></span> <span class='ocrx_word' id='word_1_172' title='bbox 818 3346 846 3392; x_wconf 89' lang='lat' dir='ltr'><strong>et</strong></span> <span class='ocrx_word' id='word_1_173' title='bbox 877 3332 1012 3408; x_wconf 76' lang='lat' dir='ltr'><strong>Ephoro.</strong></span> <span class='ocrx_word' id='word_1_174' title='bbox 1054 3327 1056 3332; x_wconf 80' lang='grc'><strong>’</strong></span> 
     </span>
     <span class='ocr_line' id='line_1_27' title="bbox 70 3443 1015 3524; baseline -0.013 -10"><span class='ocrx_word' id='word_1_175' title='bbox 70 3452 184 3514; x_wconf 82' lang='lat' dir='ltr'><strong>Cicero</strong></span> <span class='ocrx_word' id='word_1_176' title='bbox 204 3451 285 3510; x_wconf 84' lang='lat' dir='ltr'><strong>Brut.</strong></span> <span class='ocrx_word' id='word_1_177' title='bbox 302 3448 357 3524; x_wconf 80' lang='lat'><strong>56:</strong></span> <span class='ocrx_word' id='word_1_178' title='bbox 377 3449 474 3524; x_wconf 73' lang='lat' dir='ltr'><strong>Quare</strong></span> <span class='ocrx_word' id='word_1_179' title='bbox 492 3443 542 3504; x_wconf 81' lang='lat' dir='ltr'><strong>hoc</strong></span> <span class='ocrx_word' id='word_1_180' title='bbox 554 3444 673 3504; x_wconf 79' lang='lat' dir='ltr'><strong>doctoris</strong></span> <span class='ocrx_word' id='word_1_181' title='bbox 689 3445 877 3520; x_wconf 81' lang='lat' dir='ltr'><strong>intelligentis</strong></span> <span class='ocrx_word' id='word_1_182' title='bbox 891 3453 950 3512; x_wconf 84' lang='lat' dir='ltr'><strong>est,</strong></span> <span class='ocrx_word' id='word_1_183' title='bbox 971 3445 1015 3502; x_wconf 75' lang='lat' dir='ltr'><strong>vi·</strong></span> 
     </span>
     <span class='ocr_line' id='line_1_28' title="bbox 71 3551 1014 3636; baseline -0.013 -15"><span class='ocrx_word' id='word_1_184' title='bbox 71 3562 162 3634; x_wconf 76' lang='lat' dir='ltr'><strong>dere,</strong></span> <span class='ocrx_word' id='word_1_185' title='bbox 182 3577 240 3636; x_wconf 83' lang='lat' dir='ltr'><strong>qua</strong></span> <span class='ocrx_word' id='word_1_186' title='bbox 256 3556 341 3636; x_wconf 82' lang='lat' dir='ltr'><strong>ferat</strong></span> <span class='ocrx_word' id='word_1_187' title='bbox 363 3568 473 3616; x_wconf 82' lang='lat' dir='ltr'><strong>natura</strong></span> <span class='ocrx_word' id='word_1_188' title='bbox 492 3573 543 3614; x_wconf 84' lang='lat' dir='ltr'><strong>sua</strong></span> <span class='ocrx_word' id='word_1_189' title='bbox 565 3573 719 3631; x_wconf 80' lang='lat' dir='ltr'><strong>quemque:</strong></span> <span class='ocrx_word' id='word_1_190' title='bbox 745 3566 775 3612; x_wconf 81' lang='lat' dir='ltr'><strong>er</strong></span> <span class='ocrx_word' id='word_1_191' title='bbox 793 3572 828 3612; x_wconf 86' lang='lat' dir='ltr'><strong>ea</strong></span> <span class='ocrx_word' id='word_1_192' title='bbox 845 3551 914 3611; x_wconf 85' lang='lat' dir='ltr'><strong>duce</strong></span> <span class='ocrx_word' id='word_1_193' title='bbox 933 3565 1014 3610; x_wconf 80' lang='lat' dir='ltr'><strong>uten-</strong></span> 
     </span>
     <span class='ocr_line' id='line_1_29' title="bbox 74 3653 1016 3740; baseline -0.004 -13"><span class='ocrx_word' id='word_1_194' title='bbox 74 3681 133 3729; x_wconf 80' lang='lat' dir='ltr'><strong>tem</strong></span> <span class='ocrx_word' id='word_1_195' title='bbox 153 3674 195 3732; x_wconf 87' lang='lat' dir='ltr'><strong>ric</strong></span> <span class='ocrx_word' id='word_1_196' title='bbox 214 3671 384 3739; x_wconf 80' lang='lat' dir='ltr'><strong>instituere,</strong></span> <span class='ocrx_word' id='word_1_197' title='bbox 399 3677 433 3724; x_wconf 81' lang='lat' dir='ltr'><strong>ut</strong></span> <span class='ocrx_word' id='word_1_198' title='bbox 445 3653 595 3725; x_wconf 60' lang='lat' dir='ltr'><strong>Isocraten}</strong></span> <span class='ocrx_word' id='word_1_199' title='bbox 608 3670 638 3724; x_wconf 84' lang='lat' dir='ltr'><strong>in</strong></span> <span class='ocrx_word' id='word_1_200' title='bbox 651 3667 791 3724; x_wconf 83' lang='lat' dir='ltr'><strong>acerrimo</strong></span> <span class='ocrx_word' id='word_1_201' title='bbox 804 3667 915 3740; x_wconf 84' lang='lat' dir='ltr'><strong>ingenio</strong></span> <span class='ocrx_word' id='word_1_202' title='bbox 933 3662 1016 3723; x_wconf 81' lang='lat' dir='ltr'><strong>Theo·</strong></span> 
     </span>
     <span class='ocr_line' id='line_1_30' title="bbox 70 3759 1018 3855; baseline -0.006 -15"><span class='ocrx_word' id='word_1_203' title='bbox 70 3759 169 3855; x_wconf 50' lang='lat' dir='ltr'><strong>nempe·</strong></span> <span class='ocrx_word' id='word_1_204' title='bbox 178 3821 189 3850; x_wconf 91' lang='lat'><strong>,</strong></span> <span class='ocrx_word' id='word_1_205' title='bbox 209 3790 238 3837; x_wconf 81' lang='lat' dir='ltr'><strong>et</strong></span> <span class='ocrx_word' id='word_1_206' title='bbox 256 3779 393 3839; x_wconf 80' lang='lat' dir='ltr'><strong>lenissimo</strong></span> <span class='ocrx_word' id='word_1_207' title='bbox 411 3772 542 3852; x_wconf 80' lang='lat' dir='ltr'><strong>Ephori,</strong></span> <span class='ocrx_word' id='word_1_208' title='bbox 560 3774 666 3834; x_wconf 80' lang='lat' dir='ltr'><strong>dixisse</strong></span> <span class='ocrx_word' id='word_1_209' title='bbox 684 3773 828 3840; x_wconf 75' lang='lat' dir='ltr'><strong>traditum</strong></span> <span class='ocrx_word' id='word_1_210' title='bbox 845 3786 908 3852; x_wconf 82' lang='lat' dir='ltr'><strong>est,</strong></span> <span class='ocrx_word' id='word_1_211' title='bbox 927 3775 1018 3842; x_wconf 77' lang='lat' dir='ltr'><strong>alteri</strong></span> 
     </span>
    </p>
   </div>
   <div class='ocr_carea' id='block_1_4' title="bbox 81 3883 678 4010">
    <p class='ocr_par' dir='ltr' id='par_1_4' title="bbox 81 3883 678 4010">
     <span class='ocr_line' id='line_1_31' title="bbox 81 3883 678 4010; baseline 0.003 -64"><span class='ocrx_word' id='word_1_212' title='bbox 81 3905 109 3946; x_wconf 84' lang='lat' dir='ltr'><strong>se</strong></span> <span class='ocrx_word' id='word_1_213' title='bbox 126 3889 259 3952; x_wconf 84' lang='lat' dir='ltr'><strong>calcaria</strong></span> <span class='ocrx_word' id='word_1_214' title='bbox 275 3884 540 4010; x_wconf 41' lang='lat' dir='ltr'><strong>addideramus&amp;</strong></span> <span class='ocrx_word' id='word_1_215' title='bbox 548 3883 678 3972; x_wconf 69' lang='lat' dir='ltr'><strong>fractos.</strong></span> 
     </span>
    </p>
   </div>
   <div class='ocr_carea' id='block_1_5' title="bbox 0 0 1266 4712">
    <p class='ocr_par' dir='ltr' id='par_1_5' title="bbox 0 0 1266 4712">
     <span class='ocr_line' id='line_1_32' title="bbox 0 0 1266 4712; baseline 0 0"><span class='ocrx_word' id='word_1_216' title='bbox 0 0 1266 4712; x_wconf 95' lang='lat' dir='ltr'><strong> </strong></span> 
     </span>
    </p>
   </div>
  </div>
 </body>
</html>
