2470 4724
215 349 293 448 fia
382 341 519 417 etna
549 337 602 410 nt
643 335 997 409 amanteum:

226 553 333 608 unere
355 551 452 604 neno
476 541 609 616 potest,
632 525 697 594 nisi
725 525 782 610 qui
809 527 946 597 multum
964 525 1071 612 legit,
1091 540 1153 596 nee

224 658 260 726 id
284 655 406 722 enuere
431 651 532 731 tivit,
561 647 615 714 scd
641 643 749 712 onnia
774 656 808 710 et
834 642 962 714 nonsit
985 659 1021 754 et
1041 657 1154 714 notata

226 787 320 856 saepe
344 769 428 835 inter
447 785 481 833 se
501 757 711 844 comparavit.

267 891 439 956 Caeterum
457 877 693 958 Ruhnkcnius,
710 875 820 942 eodem
839 891 970 944 auctora
987 875 1155 947 Hemster·

229 1005 352 1084 husio,
379 1001 414 1066 in
448 993 671 1079 scriptoribus
704 992 845 1076 legendis
871 994 915 1060 ita
942 997 1151 1080 versabatur,

230 1141 296 1190 non
313 1133 349 1184 ut
369 1113 521 1183 omnibus
539 1111 723 1192 aequalem,
746 1109 802 1174 sed
819 1123 855 1174 ut
874 1099 1049 1179 nonnullis
1065 1133 1156 1197 prae·

225 1236 351 1318 cipuam
367 1229 519 1296 tribueret
535 1241 684 1309 operama
711 1239 747 1288 ut
771 1223 910 1308 singulis
930 1227 1081 1312 deinceps
1099 1233 1149 1297 lo·

226 1349 297 1428 eis,
319 1363 387 1412 non
410 1343 516 1409 solnm
539 1339 749 1419 difficilibus,
777 1341 835 1404 sed
859 1341 1028 1407 intellectis
1050 1345 1147 1413 ctiatn

225 1481 286 1533 sua
303 1458 455 1543 opinione
472 1475 507 1522 at
524 1455 696 1536 facilibus,
718 1453 861 1520 criticam
882 1456 1072 1540 diligentiam
1086 1465 1143 1530 ad.

227 1583 372 1664 biberet;
407 1594 444 1644 ut
470 1588 654 1662 quaereret,
676 1593 745 1656 quo
769 1575 930 1657 quidquid
957 1579 1141 1661 pertineret,
1216 1607 1217 1656 3

231 1701 313 1786 quid
333 1715 464 1778 verunt,
487 1687 622 1775 sanum,
644 1709 848 1776 germanum,
883 1709 1023 1760 secusve
1046 1707 1146 1776 essct,

231 1819 372 1886 obscura
389 1817 745 1893 illustraret,cotrnpta
762 1809 963 1892 emendaret,
980 1813 1090 1895 spuria
1105 1831 1152 1879 at·

230 1950 354 2022 gueret.
400 1931 472 1999 Hoc
492 1931 531 1996 ad
557 1931 675 1996 multas
701 1925 857 1994 utilitates
880 1928 1059 1994 eonsilium
1081 1948 1150 2012 spe·
1216 1929 1217 1934 ’

228 2052 349 2120 enabat.
387 2048 471 2114 Nam
490 2047 557 2127 ita,
577 2041 612 2111 in
638 2045 770 2128 legendo
787 2045 988 2112 excitabatur
1004 2047 1145 2134 animus,

231 2179 270 2230 ut
287 2179 461 2244 numquam
483 2160 689 2240 dormitaret,
712 2173 743 2224 ct
761 2158 898 2242 vigilans
915 2159 1042 2242 ubique
1051 2159 1147 2226 aciem
1216 2133 1217 2214 Ῑ

226 2282 403 2352 intenderet
419 2279 617 2362 suspicacem
632 2289 664 2342 ct
681 2278 900 2360 perspicacem
923 2276 959 2342 in
973 2278 1151 2362 detegendis

230 2395 496 2480 interpolatorum
517 2389 686 2458 fraudibus
707 2405 738 2458 et
755 2378 956 2459 librariorum
976 2393 1152 2466 erroribus:

227 2513 293 2595 lta,
317 2508 479 2594 ingenium
499 2509 702 2574 exercebatur
722 2509 761 2574 ad
778 2505 946 2589 criticam,
970 2510 1029 2576 cni
1045 2529 1149 2578 natan

229 2642 317 2708 erat,
342 2623 547 2690 facultatem:
574 2621 806 2704 trappaulatim
827 2621 1044 2708 colligebatur
1060 2643 1151 2695 mate·

232 2739 522 2808 riacunscribendi
540 2737 663 2819 libelli,
686 2755 754 2820 quo
776 2714 952 2806 doctrinata
972 2743 1153 2812 adolescen-

232 2859 376 2939 tiamque
401 2873 489 2922 suam
515 2855 554 2920 ad
578 2855 741 2937 publicam
758 2856 928 2940 notitiam,
950 2863 1153 2945 munerisque

229 2977 451 3060 adeptionem,
486 2974 742 3040 commendaret:
775 2973 818 3039 ita
851 2973 991 3058 denique
1015 2979 1153 3044 alebatur
1216 3003 1217 3016 ¹

233 3089 408 3158 annotandi
427 3087 593 3169 studium,
616 3089 706 3170 quod
721 3105 813 3169 saepe
833 3083 1033 3174 refrigescit,
1050 3107 1150 3172 quum
1216 3079 1217 3088 ’

228 3204 384 3274 nonnisi
405 3201 552 3270 universe
577 3203 754 3273 adversaria
781 3203 973 3272 instruimus
997 3209 1037 3274 ad
1052 3207 1151 3274 incer·

232 3337 303 3388 tunt
322 3337 352 3388 et
375 3319 590 3406 longinquum
616 3321 778 3387 doctrinae
800 3339 839 3387 ex
865 3309 906 3388 iis
924 3328 1154 3409 expromendas
1216 3305 1217 3372 ἕ

231 3446 380 3522 tempusa
405 3453 540 3519 contra,
563 3451 697 3522 augetur
722 3454 754 3504 et
782 3437 964 3506 incenditur
986 3443 1154 3526 proposito
1216 3451 1217 3496 1

228 3569 327 3634 opere
350 3571 426 3620 anaor
442 3551 474 3618 in
491 3549 657 3635 publicum
681 3554 867 3623 emittendo.
913 3555 1006 3624 Hane
1029 3575 1149 3642 operam
1216 3549 1217 3632 ξ

232 3667 267 3734 in
293 3669 412 3752 quibus
431 3685 585 3753 poneret,
609 3669 790 3754 scriptores
807 3672 901 3756 elegit
919 3673 984 3741 sibi
999 3673 1147 3742 Ruhnke-

233 3785 310 3850 uitta
328 3801 385 3849 eos
403 3803 488 3865 quos
509 3789 631 3868 primos
655 3790 792 3872 legerat,
814 3787 1015 3873 Homerum,
1038 3789 1148 3857 Hesio·
1216 3789 1217 3814 ³

234 3904 333 3986 duan,
355 3899 612 3988 Callimachum,
630 3905 850 3989 Apollonium
861 3905 1048 3978 Rhodium:
1071 3907 1148 3992 ejus·
1216 3939 1217 3962 r

1085 4035 1140 4106 que
1216 4021 1217 4040 ¹
