2418 4718
50 305 61 319 ·
155 288 422 374 rumorem
439 285 710 362 MORhLlllhl.
731 287 812 366 vu.
830 299 860 369 1.
906 285 1009 387 „p

48 499 163 562 etrum
188 495 346 567 vocum,
369 477 590 566 compluribus
612 478 647 548 in
671 479 755 546 locia
779 483 878 552 adfert
899 487 976 556 Plu.

49 609 157 677 tarchl
182 606 367 684 dictiones,
387 621 429 670 ex
444 599 484 668 iia
503 597 630 683 quidem
647 597 740 664 libris
766 617 850 682 quoa
867 603 976 674 hodie·

48 719 306 810 qoehabemua.
670 727 673 740 ·
943 723 950 732 ·

96 829 387 906 Mllchltws
432 829 979 942 elllcllsocurllALA8‚

48 957 161 1043 cuius
183 953 326 1020 notitiam
352 949 501 1018 debemur
523 965 807 1017 vruuoraorao
825 952 861 1016 in
878 959 985 1020 Anac.

2 1155 3 1160 Ν
51 1068 319 1150 coerroneos,
340 1081 365 1134 t.
385 1063 734 1149 11‚rmrumeonfeer
750 1049 903 1138 baono
931 1068 981 1136 rn-

2 1189 3 1232 ἰ
55 1182 242 1267 scriptum,
272 1180 398 1262 idest,
426 1179 579 1247 Roscium
607 1180 675 1247 sire
700 1180 933 1269 Florilegium,
964 1203 985 1250 e

52 1298 275 1384 complurium
309 1297 442 1382 scriptis
475 1303 619 1364 ueterum
655 1298 839 1365 Auctorum
883 1301 984 1370 colle·

2 1405 5 1497 ζ
55 1427 163 1484 ctum.
196 1413 237 1480 lu
257 1411 377 1478 hiscat
393 1411 602 1478 Plutarchus:
621 1411 796 1496 culualoci
814 1411 890 1478 item
907 1426 984 1480 suut

2 1568 7 1580 ·
53 1548 93 1600 cx
106 1529 208 1599 libris
223 1527 264 1596 lis
281 1527 339 1610 qui
356 1529 395 1594 ad
411 1545 472 1593 noc
488 1541 719 1611 pervenerunt,
740 1545 779 1593 ac
796 1527 982 1612 significan·
1114 1595 1119 1606 ,

2 1692 6 1722 .
57 1662 111 1716 tur
133 1667 170 1734 p.
190 1665 224 1732 9.
270 1643 383 1711 Varias
400 1661 505 1712 earum
524 1643 677 1712 lectiones
693 1643 727 1712 in
746 1659 903 1734 apparatu
916 1633 999 1716 meo

58 1765 183 1847 habco,
198 1777 231 1831 et
247 1762 283 1830 iu
296 1759 517 1828 Anuotatloue
529 1759 798 1834 Emendatiouum
816 1759 991 1844 aliquoties

58 1879 248 1952 memoravi.

97 1991 476 2078 NlCEPllORUS
509 1991 814 2064 GREGORAS
844 1997 878 2065 iu
901 1995 993 2074 nist.

1 2142 2 2178 2
62 2115 201 2204 Byzaut.
234 2111 395 2195 sculptor.
425 2112 474 2178 ed.
507 2105 623 2177 Venct.
652 2128 686 2193 p.
709 2125 769 2192 ις,
802 2109 842 2177 de
866 2109 993 2179 Teuta·

1 2257 2 2286 2
64 2248 138 2298 num
160 2229 293 2314 origine
317 2225 524 2293 Plutarchum
552 2225 661 2292 laudat
686 2240 867 2309 auctorem,
889 2225 996 2309 trapi·

1 2406 3 2412 .
68 2343 151 2422 celus
170 2343 215 2412 ad
229 2341 341 2408 Maru
364 2341 488 2410 Vitam.
532 2341 677 2427 Ibidem,
701 2363 737 2426 p.
756 2341 840 2430 560,
863 2343 901 2410 de
916 2341 995 2410 Nu·

1 2519 2 2524 ,
66 2477 119 2523 rra
140 2476 177 2525 ex
197 2455 377 2524 Plutarcho
403 2453 510 2528 refert.
952 2503 964 2528 .

113 2571 361 2643 comeus
395 2569 577 2640 Plutarchel
611 2572 674 2642 hoc
707 2575 838 2645 aaeculo
878 2549 997 2664 scripti

1 2745 2 2748 ,
72 2689 217 2758 videntur
240 2688 438 2771 complures.
490 2689 603 2756 Codex
626 2690 884 2760 membranaceus
907 2691 998 2758 Pari·

73 2808 181 2878 aiensis
198 2824 293 2878 num.
320 2807 424 2888 1672,
456 2823 552 2889 ,quem
578 2783 668 2873 litera
695 2807 724 2874 E
751 2807 994 2894 significamusc

75 2922 363 3008 praestantissimus
394 2920 471 3001 ille,
502 2937 542 2986 ex
576 2921 688 2986 codice
715 2923 841 3004 quidem
880 2898 910 2987 h
942 2941 998 2989 ex-

77 3041 237 3124 aeriptua,
266 3034 388 3120 quippe
414 3037 512 3104 Vitas
530 3046 562 3100 ct
593 3033 746 3102 Manlia
775 3037 886 3105 eodem
910 3037 999 3104 ordi.
1038 3081 1041 3086 n

81 3170 135 3234 ue,
167 3170 325 3232 numero,
355 3149 430 3217 item
468 3147 572 3217 forma
606 3150 762 3235 maxima,
800 3154 994 3222 continens:

86 3267 137 3332 aed
162 3269 203 3335 lta
243 3263 449 3349 exscriptor,
488 3279 526 3331 ut
557 3264 737 3332 vetustiora
768 3266 995 3335 adhiberentur

88 3384 234 3466 exemplu
266 3381 351 3447 unde
377 3395 409 3446 et
434 3381 563 3448 lacunae
589 3381 772 3463 complures
800 3382 940 3465 expletae
963 3395 998 3450 et

86 3493 228 3566 lectiones
261 3509 405 3580 receptae
432 3496 579 3564 meliores
607 3499 738 3564 multae.
782 3495 895 3564 Codex
919 3497 1024 3563 Mo·'
1096 3581 1100 3588 ἡ

84 3611 198 3680 reliam
233 3613 372 3698 eiusdem
408 3611 644 3692 Bibliothecae,
675 3609 704 3678 C
738 3611 877 3678 roobia
901 3627 995 3681 nota·

81 3735 153 3808 cus,
180 3747 273 3799 num.
304 3745 403 3812 1955:
443 3742 476 3794 et
507 3725 562 3809 H,
592 3725 803 3794 numidio.
856 3725 1000 3795 eomoee

82 3837 217 3932 Rumam
237 3843 421 3916 Moralium
447 3859 480 3916 et
502 3843 682 3928 Wtaruru,
705 3837 883 3916 vrticauuc
899 3847 995 3912 mum·

546 3955 619 4045 Yr
916 3969 998 4045 ator
