2562 4708
412 525 1075 653 unsnnnnto

546 879 611 929 lix
660 879 947 934 nulsione}

284 1148 576 1228 PLUI'ARCHI
623 1150 903 1225 MORALIUM
941 1151 1021 1226 Vol.
1043 1153 1073 1228 1.
1110 1155 1209 1255 (*)·

538 1683 577 1742 ,C
615 1679 642 1740 A
681 1678 704 1738 P
741 1680 770 1738 U
807 1675 835 1736 T
907 1675 935 1739 Ι.

421 1912 476 1980 De
495 1911 624 1980 consilio
646 1931 686 1975 ac
703 1913 865 1998 proposito
887 1907 1050 1983 Editoris.

274 2063 393 2216 Tria
419 2141 553 2212 omuino
577 2156 678 2226 sunt,
710 2159 848 2224 quorum
877 2139 925 2222 is,
949 2143 1007 2226 qui
1035 2144 1070 2212 in
1096 2158 1206 2216 vetere

234 2270 236 2280 '
274 2267 419 2334 Auctore
444 2261 566 2328 edendo
588 2259 725 2343 pretium
752 2277 866 2342 operae
893 2259 998 2327 facere
1022 2262 1124 2347 uelit,
1154 2283 1206 2332 ra·

272 2384 393 2450 tionem
417 2377 452 2446 in
480 2375 592 2462 ptitnis
616 2374 730 2442 habere
751 2377 854 2444 debet.
897 2377 1037 2444 Primum
1060 2395 1130 2462 est,
1160 2401 1205 2450 nn

273 2498 391 2580 dignus
415 2490 560 2561 editione
586 2491 632 2556 sit
657 2491 805 2558 Auctore
834 2490 987 2573 alterum,
1010 2491 1107 2575 digna
1128 2493 1206 2560 Au·

241 2664 246 2674 .
272 2613 362 2680 etoie
385 2609 485 2676 editio
503 2622 610 2676 utrum
629 2620 732 2674 exstet
747 2625 788 2673 an
804 2605 1024 2679 desideretura
1044 2610 1201 2696 tertium,

271 2747 314 2798 an
336 2727 407 2812 ipse
440 2723 657 2811 perficiundae
686 2721 820 2790 editioni
848 2724 984 2792 idoneus
1007 2725 1051 2794 sit
1079 2727 1199 2797 editor.

269 2843 396 2912 Horum
421 2839 561 2925 primum
582 2837 757 2906 Plutarcho
775 2857 964 2924 superesse,
988 2860 1101 2909 onnes
1114 2862 1200 2912 con·

268 2958 413 3026 sentiunt
439 2955 666 3024 humaniorest
694 2958 828 3022 alterum
853 2956 881 3021 ei
906 2957 1037 3040 deesse,
1066 2973 1203 3027 constat

268 3074 351 3140 inter
367 3071 531 3139 eruditos:
557 3072 684 3140 tertium
703 3073 798 3154 quale
813 3071 848 3138 in
864 3089 914 3139 me
934 3077 998 3156 sit,
1022 3072 1123 3158 tnagis
1142 3087 1202 3145 est

265 3193 399 3258 aliorum
431 3188 633 3271 existimare,
665 3205 759 3272 quam
793 3205 897 3255 meum
925 3185 1078 3272 profiteri.
1130 3189 1202 3260 Sed

264 3307 520 3388 unumquodque
545 3306 659 3372 horum
685 3303 781 3370 trium
813 3305 910 3388 paulo
936 3303 1067 3371 uberius
1091 3307 1202 3389 expli·

255 3425 399 3510 ,eandum
408 3443 428 3505 3·
445 3421 604 3504 siquidem
628 3421 670 3487 iis
689 3421 888 3506 explicandis
908 3437 1002 3488 omne
1019 3421 1198 3505 praefatio-

260 3539 313 3606 nis
334 3538 474 3606 officium
498 3537 695 3605 continetur.

1126 3645 1201 3718 Ae·

231 3881 235 3890 ·
290 3839 331 3920 (*
341 3842 357 3919 )
369 3841 485 3922 [Pauca
500 3844 545 3902 vei
563 3851 687 3912 mutata,
701 3842 747 3901 vel
765 3839 858 3900 addito
873 3855 938 3902 sunt
954 3859 991 3903 ex
1008 3842 1094 3918 ipsius
1111 3843 1200 3916 Wyt·

254 3949 395 4012 teubachii
415 3949 623 4022 admonitione,
642 3947 720 4014 Bibi.
738 3949 812 4012 Ctit.
834 3951 910 4014 Part.
921 3951 973 4012 xl.
995 3966 1062 4028 pag.
1078 3966 1116 4024 45
1131 3944 1199 4025 tq.]
