<?xml version="1.0" encoding="UTF-8"?>
<!DOCTYPE html PUBLIC "-//W3C//DTD XHTML 1.0 Transitional//EN"
    "http://www.w3.org/TR/xhtml1/DTD/xhtml1-transitional.dtd">
<html xmlns="http://www.w3.org/1999/xhtml" xml:lang="en" lang="en">
 <head>
  <title>
</title>
<meta http-equiv="Content-Type" content="text/html;charset=utf-8" />
  <meta name='ocr-system' content='tesseract 3.04.00' />
  <meta name='ocr-capabilities' content='ocr_page ocr_carea ocr_par ocr_line ocrx_word'/>
</head>
<body>
  <div class='ocr_page' id='page_1' title='image "./opusculavariiar01wyttgoog_0747.png"; bbox 0 0 2506 4712; ppageno 0'>
   <div class='ocr_carea' id='block_1_1' title="bbox 244 319 1012 434">
    <p class='ocr_par' dir='ltr' id='par_1_1' title="bbox 244 319 1012 434">
     <span class='ocr_line' id='line_1_1' title="bbox 244 319 1012 434; baseline -0.018 -27"><span class='ocrx_word' id='word_1_1' title='bbox 244 345 309 434; x_wconf 70' lang='lat'>,⁶4</span> <span class='ocrx_word' id='word_1_2' title='bbox 400 331 546 404; x_wconf 77' lang='lat' dir='ltr'>vrrs</span> <span class='ocrx_word' id='word_1_3' title='bbox 584 327 631 398; x_wconf 87' lang='lat' dir='ltr'>n.</span> <span class='ocrx_word' id='word_1_4' title='bbox 670 319 1012 397; x_wconf 75' lang='lat' dir='ltr'>summersus</span> 
     </span>
    </p>
   </div>
   <div class='ocr_carea' id='block_1_2' title="bbox 199 505 1245 3964">
    <p class='ocr_par' dir='ltr' id='par_1_2' title="bbox 242 505 1245 2456">
     <span class='ocr_line' id='line_1_2' title="bbox 243 505 1177 608; baseline -0.019 -12"><span class='ocrx_word' id='word_1_5' title='bbox 243 529 328 608; x_wconf 82' lang='lat' dir='ltr'>bus,</span> <span class='ocrx_word' id='word_1_6' title='bbox 349 523 503 606; x_wconf 83' lang='lat' dir='ltr'>pudorem</span> <span class='ocrx_word' id='word_1_7' title='bbox 523 521 737 598; x_wconf 82' lang='lat' dir='ltr'>ruboremque</span> <span class='ocrx_word' id='word_1_8' title='bbox 761 511 913 597; x_wconf 84' lang='lat' dir='ltr'>injiceret.</span> <span class='ocrx_word' id='word_1_9' title='bbox 957 505 1048 574; x_wconf 79' lang='lat' dir='ltr'>Nam</span> <span class='ocrx_word' id='word_1_10' title='bbox 1066 517 1177 592; x_wconf 62' lang='lat' dir='ltr'>ento!</span> 
     </span>
     <span class='ocr_line' id='line_1_3' title="bbox 242 623 1182 714; baseline -0.028 -3"><span class='ocrx_word' id='word_1_11' title='bbox 242 643 340 712; x_wconf 63' lang='lat' dir='ltr'>marn</span> <span class='ocrx_word' id='word_1_12' title='bbox 357 657 415 708; x_wconf 84' lang='lat' dir='ltr'>eos</span> <span class='ocrx_word' id='word_1_13' title='bbox 437 635 660 713; x_wconf 74' lang='lat' dir='ltr'>existimabat,</span> <span class='ocrx_word' id='word_1_14' title='bbox 682 629 739 714; x_wconf 89' lang='lat' dir='ltr'>qui</span> <span class='ocrx_word' id='word_1_15' title='bbox 760 627 914 714; x_wconf 61' lang='lat' dir='ltr'>grsticm</span> <span class='ocrx_word' id='word_1_16' title='bbox 937 623 1018 689; x_wconf 85' lang='lat' dir='ltr'>iicet</span> <span class='ocrx_word' id='word_1_17' title='bbox 1044 631 1182 704; x_wconf 69' lang='lat' dir='ltr'>possm</span> 
     </span>
     <span class='ocr_line' id='line_1_4' title="bbox 244 735 1187 835; baseline -0.024 -11"><span class='ocrx_word' id='word_1_18' title='bbox 244 751 383 835; x_wconf 77' lang='lat' dir='ltr'>referre,</span> <span class='ocrx_word' id='word_1_19' title='bbox 403 771 470 820; x_wconf 88' lang='lat' dir='ltr'>non</span> <span class='ocrx_word' id='word_1_20' title='bbox 486 747 658 828; x_wconf 83' lang='lat' dir='ltr'>referrent,</span> <span class='ocrx_word' id='word_1_21' title='bbox 683 743 780 810; x_wconf 86' lang='lat' dir='ltr'>modo</span> <span class='ocrx_word' id='word_1_22' title='bbox 808 757 875 806; x_wconf 80' lang='lat' dir='ltr'>eum</span> <span class='ocrx_word' id='word_1_23' title='bbox 896 739 1009 804; x_wconf 79' lang='lat' dir='ltr'>enimc</span> <span class='ocrx_word' id='word_1_24' title='bbox 1028 735 1187 802; x_wconf 74' lang='lat' dir='ltr'>heberent</span> 
     </span>
     <span class='ocr_line' id='line_1_5' title="bbox 247 851 1186 942; baseline -0.028 -1"><span class='ocrx_word' id='word_1_25' title='bbox 247 887 282 942; x_wconf 86' lang='lat' dir='ltr'>et</span> <span class='ocrx_word' id='word_1_26' title='bbox 307 867 452 939; x_wconf 79' lang='lat' dir='ltr'>beneficit</span> <span class='ocrx_word' id='word_1_27' title='bbox 477 863 628 932; x_wconf 81' lang='lat' dir='ltr'>memorie</span> <span class='ocrx_word' id='word_1_28' title='bbox 662 863 817 927; x_wconf 87' lang='lat' dir='ltr'>coierent.</span> <span class='ocrx_word' id='word_1_29' title='bbox 859 851 1011 920; x_wconf 77' lang='lat' dir='ltr'>Habebm</span> <span class='ocrx_word' id='word_1_30' title='bbox 1036 851 1186 930; x_wconf 74' lang='lat' dir='ltr'>amitus,</span> 
     </span>
     <span class='ocr_line' id='line_1_6' title="bbox 249 968 1189 1069; baseline -0.026 -11"><span class='ocrx_word' id='word_1_31' title='bbox 249 999 289 1058; x_wconf 86' lang='lat' dir='ltr'>nt</span> <span class='ocrx_word' id='word_1_32' title='bbox 312 986 441 1069; x_wconf 90' lang='lat' dir='ltr'>quidem</span> <span class='ocrx_word' id='word_1_33' title='bbox 470 979 565 1048; x_wconf 84' lang='lat' dir='ltr'>cmici</span> <span class='ocrx_word' id='word_1_34' title='bbox 591 978 696 1062; x_wconf 81' lang='lat' dir='ltr'>reigo</span> <span class='ocrx_word' id='word_1_35' title='bbox 729 972 962 1052; x_wconf 79' lang='lat' dir='ltr'>nominentur,</span> <span class='ocrx_word' id='word_1_36' title='bbox 997 968 1130 1035; x_wconf 82' lang='lat' dir='ltr'>multos</span> <span class='ocrx_word' id='word_1_37' title='bbox 1154 981 1189 1034; x_wconf 89' lang='lat' dir='ltr'>et</span> 
     </span>
     <span class='ocr_line' id='line_1_7' title="bbox 248 1079 1192 1178; baseline -0.028 -4"><span class='ocrx_word' id='word_1_38' title='bbox 248 1102 377 1174; x_wconf 83' lang='lat' dir='ltr'>nobiles</span> <span class='ocrx_word' id='word_1_39' title='bbox 392 1113 425 1166; x_wconf 88' lang='lat' dir='ltr'>et</span> <span class='ocrx_word' id='word_1_40' title='bbox 440 1097 578 1178; x_wconf 75' lang='lat' dir='ltr'>dirime,</span> <span class='ocrx_word' id='word_1_41' title='bbox 603 1093 799 1177; x_wconf 81' lang='lat' dir='ltr'>quibuscum</span> <span class='ocrx_word' id='word_1_42' title='bbox 816 1105 889 1154; x_wconf 90' lang='lat' dir='ltr'>eum</span> <span class='ocrx_word' id='word_1_43' title='bbox 909 1103 979 1154; x_wconf 90' lang='lat' dir='ltr'>non</span> <span class='ocrx_word' id='word_1_44' title='bbox 997 1085 1085 1151; x_wconf 74' lang='lat' dir='ltr'>eden</span> <span class='ocrx_word' id='word_1_45' title='bbox 1099 1079 1192 1150; x_wconf 88' lang='lat' dir='ltr'>Lite·</span> 
     </span>
     <span class='ocr_line' id='line_1_8' title="bbox 252 1199 1195 1296; baseline -0.017 -15"><span class='ocrx_word' id='word_1_46' title='bbox 252 1233 379 1296; x_wconf 74' lang='lat' dir='ltr'>nrum,</span> <span class='ocrx_word' id='word_1_47' title='bbox 403 1229 498 1296; x_wconf 78' lang='lat' dir='ltr'>quum</span> <span class='ocrx_word' id='word_1_48' title='bbox 514 1208 724 1289; x_wconf 74' lang='lat' dir='ltr'>venationis,</span> <span class='ocrx_word' id='word_1_49' title='bbox 745 1202 995 1282; x_wconf 70' lang='lat' dir='ltr'>rusticationis,</span> <span class='ocrx_word' id='word_1_50' title='bbox 1022 1199 1195 1282; x_wconf 72' lang='lat' dir='ltr'>musices,</span> 
     </span>
     <span class='ocr_line' id='line_1_9' title="bbox 252 1316 1196 1408; baseline -0.02 -7"><span class='ocrx_word' id='word_1_51' title='bbox 252 1332 427 1402; x_wconf 72' lang='lat' dir='ltr'>sucumve</span> <span class='ocrx_word' id='word_1_52' title='bbox 450 1347 553 1394; x_wconf 87' lang='lat' dir='ltr'>rerum</span> <span class='ocrx_word' id='word_1_53' title='bbox 583 1324 725 1392; x_wconf 88' lang='lat' dir='ltr'>studium</span> <span class='ocrx_word' id='word_1_54' title='bbox 750 1325 917 1408; x_wconf 80' lang='lat' dir='ltr'>jungcrctc</span> <span class='ocrx_word' id='word_1_55' title='bbox 948 1319 992 1385; x_wconf 81' lang='lat' dir='ltr'>ab</span> <span class='ocrx_word' id='word_1_56' title='bbox 1020 1316 1074 1384; x_wconf 87' lang='lat' dir='ltr'>his</span> <span class='ocrx_word' id='word_1_57' title='bbox 1099 1317 1196 1383; x_wconf 86' lang='lat' dir='ltr'>debi-</span> 
     </span>
     <span class='ocr_line' id='line_1_10' title="bbox 254 1434 1194 1532; baseline -0.02 -14"><span class='ocrx_word' id='word_1_58' title='bbox 254 1462 325 1517; x_wconf 83' lang='lat' dir='ltr'>tum</span> <span class='ocrx_word' id='word_1_59' title='bbox 352 1465 414 1532; x_wconf 85' lang='lat' dir='ltr'>pro</span> <span class='ocrx_word' id='word_1_60' title='bbox 444 1443 585 1512; x_wconf 83' lang='lat' dir='ltr'>filiorum</span> <span class='ocrx_word' id='word_1_61' title='bbox 613 1440 737 1508; x_wconf 85' lang='lat' dir='ltr'>scholis</span> <span class='ocrx_word' id='word_1_62' title='bbox 768 1435 1004 1517; x_wconf 75' lang='lat' dir='ltr'>honorarium,</span> <span class='ocrx_word' id='word_1_63' title='bbox 1037 1434 1194 1517; x_wconf 75' lang='lat' dir='ltr'>quemvis</span> 
     </span>
     <span class='ocr_line' id='line_1_11' title="bbox 253 1551 1196 1650; baseline -0.021 -17"><span class='ocrx_word' id='word_1_64' title='bbox 253 1562 445 1650; x_wconf 82' lang='lat' dir='ltr'>urgentibus</span> <span class='ocrx_word' id='word_1_65' title='bbox 469 1579 506 1628; x_wconf 83' lang='lat' dir='ltr'>sc</span> <span class='ocrx_word' id='word_1_66' title='bbox 524 1555 744 1644; x_wconf 78' lang='lat' dir='ltr'>flsgiuotibus</span> <span class='ocrx_word' id='word_1_67' title='bbox 775 1567 813 1620; x_wconf 92' lang='lat' dir='ltr'>ut</span> <span class='ocrx_word' id='word_1_68' title='bbox 837 1552 1021 1635; x_wconf 80' lang='lat' dir='ltr'>reciperet,</span> <span class='ocrx_word' id='word_1_69' title='bbox 1044 1551 1196 1634; x_wconf 68' lang='lat' dir='ltr'>tempere</span> 
     </span>
     <span class='ocr_line' id='line_1_12' title="bbox 255 1671 1199 1764; baseline -0.014 -11"><span class='ocrx_word' id='word_1_70' title='bbox 255 1682 405 1754; x_wconf 81' lang='lat' dir='ltr'>nolcbets</span> <span class='ocrx_word' id='word_1_71' title='bbox 427 1679 537 1764; x_wconf 86' lang='lat' dir='ltr'>imque</span> <span class='ocrx_word' id='word_1_72' title='bbox 561 1679 655 1747; x_wconf 84' lang='lat' dir='ltr'>hice</span> <span class='ocrx_word' id='word_1_73' title='bbox 682 1678 777 1763; x_wconf 85' lang='lat' dir='ltr'>ipsos</span> <span class='ocrx_word' id='word_1_74' title='bbox 799 1673 908 1742; x_wconf 89' lang='lat' dir='ltr'>debito</span> <span class='ocrx_word' id='word_1_75' title='bbox 935 1671 1121 1756; x_wconf 86' lang='lat' dir='ltr'>officioque</span> <span class='ocrx_word' id='word_1_76' title='bbox 1144 1673 1199 1740; x_wconf 85' lang='lat' dir='ltr'>dc·</span> 
     </span>
     <span class='ocr_line' id='line_1_13' title="bbox 255 1787 1199 1884; baseline -0.017 -14"><span class='ocrx_word' id='word_1_77' title='bbox 255 1799 396 1870; x_wconf 84' lang='lat' dir='ltr'>functos</span> <span class='ocrx_word' id='word_1_78' title='bbox 413 1799 600 1877; x_wconf 80' lang='lat' dir='ltr'>censentes,</span> <span class='ocrx_word' id='word_1_79' title='bbox 621 1793 670 1860; x_wconf 91' lang='lat' dir='ltr'>nil</span> <span class='ocrx_word' id='word_1_80' title='bbox 691 1793 730 1858; x_wconf 92' lang='lat' dir='ltr'>dc</span> <span class='ocrx_word' id='word_1_81' title='bbox 755 1789 821 1884; x_wconf 80' lang='lat' dir='ltr'>elio</span> <span class='ocrx_word' id='word_1_82' title='bbox 845 1787 990 1854; x_wconf 88' lang='lat' dir='ltr'>muneris</span> <span class='ocrx_word' id='word_1_83' title='bbox 1009 1805 1131 1874; x_wconf 77' lang='lat' dir='ltr'>genere</span> <span class='ocrx_word' id='word_1_84' title='bbox 1143 1807 1199 1856; x_wconf 87' lang='lat' dir='ltr'>co-</span> 
     </span>
     <span class='ocr_line' id='line_1_14' title="bbox 260 1903 1199 2002; baseline -0.011 -20"><span class='ocrx_word' id='word_1_85' title='bbox 260 1915 429 2002; x_wconf 71' lang='lat' dir='ltr'>gitabuntc</span> <span class='ocrx_word' id='word_1_86' title='bbox 462 1931 523 1980; x_wconf 89' lang='lat' dir='ltr'>nec</span> <span class='ocrx_word' id='word_1_87' title='bbox 554 1911 625 1994; x_wconf 86' lang='lat' dir='ltr'>ipse</span> <span class='ocrx_word' id='word_1_88' title='bbox 656 1907 736 1993; x_wconf 87' lang='lat' dir='ltr'>quid</span> <span class='ocrx_word' id='word_1_89' title='bbox 768 1903 991 1988; x_wconf 79' lang='lat' dir='ltr'>exspectsbst.</span> <span class='ocrx_word' id='word_1_90' title='bbox 1050 1905 1104 1971; x_wconf 89' lang='lat' dir='ltr'>Dc</span> <span class='ocrx_word' id='word_1_91' title='bbox 1130 1905 1199 1972; x_wconf 87' lang='lat' dir='ltr'>illis</span> 
     </span>
     <span class='ocr_line' id='line_1_15' title="bbox 264 2017 1199 2116; baseline -0.015 -18"><span class='ocrx_word' id='word_1_92' title='bbox 264 2029 344 2116; x_wconf 87' lang='lat' dir='ltr'>quid</span> <span class='ocrx_word' id='word_1_93' title='bbox 362 2029 568 2097; x_wconf 73' lang='lat' dir='ltr'>statuendum</span> <span class='ocrx_word' id='word_1_94' title='bbox 586 2027 653 2106; x_wconf 89' lang='lat' dir='ltr'>sit,</span> <span class='ocrx_word' id='word_1_95' title='bbox 677 2022 734 2090; x_wconf 87' lang='lat' dir='ltr'>ulii</span> <span class='ocrx_word' id='word_1_96' title='bbox 758 2019 915 2107; x_wconf 85' lang='lat' dir='ltr'>judicent.</span> <span class='ocrx_word' id='word_1_97' title='bbox 960 2017 1015 2084; x_wconf 89' lang='lat' dir='ltr'>Dc</span> <span class='ocrx_word' id='word_1_98' title='bbox 1039 2017 1199 2085; x_wconf 86' lang='lat' dir='ltr'>Rubnke·</span> 
     </span>
     <span class='ocr_line' id='line_1_16' title="bbox 262 2113 1198 2226; baseline -0.017 -13"><span class='ocrx_word' id='word_1_99' title='bbox 262 2146 321 2214; x_wconf 90' lang='lat' dir='ltr'>nio</span> <span class='ocrx_word' id='word_1_100' title='bbox 337 2141 542 2212; x_wconf 82' lang='lat' dir='ltr'>nemoslitcr</span> <span class='ocrx_word' id='word_1_101' title='bbox 556 2139 737 2226; x_wconf 79' lang='lat' dir='ltr'>iudicabit,</span> <span class='ocrx_word' id='word_1_102' title='bbox 759 2113 824 2204; x_wconf 81' lang='lat' dir='ltr'>uisi</span> <span class='ocrx_word' id='word_1_103' title='bbox 850 2133 995 2200; x_wconf 83' lang='lat' dir='ltr'>animum</span> <span class='ocrx_word' id='word_1_104' title='bbox 1022 2131 1198 2215; x_wconf 64' lang='lat' dir='ltr'>diuum,</span> 
     </span>
     <span class='ocr_line' id='line_1_17' title="bbox 260 2249 1245 2336; baseline -0.013 -7"><span class='ocrx_word' id='word_1_105' title='bbox 260 2257 298 2329; x_wconf 90' lang='lat' dir='ltr'>in</span> <span class='ocrx_word' id='word_1_106' title='bbox 314 2259 358 2324; x_wconf 92' lang='lat' dir='ltr'>rci</span> <span class='ocrx_word' id='word_1_107' title='bbox 373 2255 539 2325; x_wconf 76' lang='lat' dir='ltr'>familiaris</span> <span class='ocrx_word' id='word_1_108' title='bbox 563 2253 800 2334; x_wconf 79' lang='lat' dir='ltr'>mediocritate,</span> <span class='ocrx_word' id='word_1_109' title='bbox 821 2249 921 2318; x_wconf 86' lang='lat' dir='ltr'>nimis</span> <span class='ocrx_word' id='word_1_110' title='bbox 944 2249 1090 2318; x_wconf 80' lang='lat' dir='ltr'>fomsse</span> <span class='ocrx_word' id='word_1_111' title='bbox 1105 2267 1200 2336; x_wconf 65' lang='lat' dir='ltr'>geue,</span> <span class='ocrx_word' id='word_1_112' title='bbox 1244 2253 1245 2332; x_wconf 51' lang='grc' dir='ltr'>ζ</span> 
     </span>
     <span class='ocr_line' id='line_1_18' title="bbox 262 2357 1245 2456; baseline -0.01 -16"><span class='ocrx_word' id='word_1_113' title='bbox 262 2391 401 2455; x_wconf 85' lang='lat' dir='ltr'>rosum,</span> <span class='ocrx_word' id='word_1_114' title='bbox 423 2385 456 2440; x_wconf 84' lang='lat' dir='ltr'>ct</span> <span class='ocrx_word' id='word_1_115' title='bbox 473 2389 662 2456; x_wconf 83' lang='lat' dir='ltr'>generosum</span> <span class='ocrx_word' id='word_1_116' title='bbox 676 2385 793 2436; x_wconf 71' lang='lat' dir='ltr'>mmm.</span> <span class='ocrx_word' id='word_1_117' title='bbox 1244 2357 1245 2390; x_wconf 73' lang='lat'>³</span> 
     </span>
    </p>

    <p class='ocr_par' dir='ltr' id='par_1_3' title="bbox 199 2479 1245 3860">
     <span class='ocr_line' id='line_1_19' title="bbox 308 2479 1245 2568; baseline 0.002 -16"><span class='ocrx_word' id='word_1_118' title='bbox 308 2483 423 2568; x_wconf 86' lang='lat' dir='ltr'>Neque</span> <span class='ocrx_word' id='word_1_119' title='bbox 437 2485 519 2560; x_wconf 86' lang='lat' dir='ltr'>enirn</span> <span class='ocrx_word' id='word_1_120' title='bbox 537 2503 669 2565; x_wconf 76' lang='lat' dir='ltr'>nequem</span> <span class='ocrx_word' id='word_1_121' title='bbox 694 2485 891 2567; x_wconf 75' lang='lat' dir='ltr'>dignumque</span> <span class='ocrx_word' id='word_1_122' title='bbox 915 2481 988 2548; x_wconf 87' lang='lat' dir='ltr'>suis</span> <span class='ocrx_word' id='word_1_123' title='bbox 1013 2479 1194 2549; x_wconf 73' lang='lat' dir='ltr'>uirtutebus</span> <span class='ocrx_word' id='word_1_124' title='bbox 1244 2489 1245 2554; x_wconf 80' lang='grc' dir='ltr'>ἶ</span> 
     </span>
     <span class='ocr_line' id='line_1_20' title="bbox 266 2567 1245 2680; baseline -0.008 -12"><span class='ocrx_word' id='word_1_125' title='bbox 266 2596 382 2668; x_wconf 78' lang='lat' dir='ltr'>hebuit</span> <span class='ocrx_word' id='word_1_126' title='bbox 399 2595 559 2666; x_wconf 78' lang='lat' dir='ltr'>fortunam</span> <span class='ocrx_word' id='word_1_127' title='bbox 581 2596 616 2662; x_wconf 90' lang='lat' dir='ltr'>in</span> <span class='ocrx_word' id='word_1_128' title='bbox 630 2595 810 2663; x_wconf 84' lang='lat' dir='ltr'>tribuendis</span> <span class='ocrx_word' id='word_1_129' title='bbox 836 2596 927 2662; x_wconf 78' lang='lat' dir='ltr'>vitre</span> <span class='ocrx_word' id='word_1_130' title='bbox 942 2595 1034 2663; x_wconf 74' lang='lat' dir='ltr'>focile</span> <span class='ocrx_word' id='word_1_131' title='bbox 1050 2595 1197 2680; x_wconf 56' lang='lat' dir='ltr'>largiter*</span> <span class='ocrx_word' id='word_1_132' title='bbox 1244 2567 1245 2660; x_wconf 49' lang='grc' dir='ltr'><strong>Ῠ</strong></span> 
     </span>
     <span class='ocr_line' id='line_1_21' title="bbox 268 2705 1198 2796; baseline 0 -18"><span class='ocrx_word' id='word_1_133' title='bbox 268 2729 334 2796; x_wconf 90' lang='lat' dir='ltr'>que</span> <span class='ocrx_word' id='word_1_134' title='bbox 365 2708 523 2796; x_wconf 80' lang='lat' dir='ltr'>degendae</span> <span class='ocrx_word' id='word_1_135' title='bbox 536 2709 656 2793; x_wconf 88' lang='lat' dir='ltr'>copiis.</span> <span class='ocrx_word' id='word_1_136' title='bbox 706 2705 870 2793; x_wconf 72' lang='lat' dir='ltr'>Quamdiu</span> <span class='ocrx_word' id='word_1_137' title='bbox 887 2708 954 2778; x_wconf 78' lang='lat' dir='ltr'>fuit</span> <span class='ocrx_word' id='word_1_138' title='bbox 977 2711 1127 2794; x_wconf 78' lang='lat' dir='ltr'>caelebs,</span> <span class='ocrx_word' id='word_1_139' title='bbox 1147 2729 1198 2778; x_wconf 82' lang='lat' dir='ltr'>ss·</span> 
     </span>
     <span class='ocr_line' id='line_1_22' title="bbox 269 2825 1201 2911; baseline 0 -15"><span class='ocrx_word' id='word_1_140' title='bbox 269 2830 314 2896; x_wconf 89' lang='lat' dir='ltr'>tis</span> <span class='ocrx_word' id='word_1_141' title='bbox 330 2843 417 2909; x_wconf 81' lang='lat' dir='ltr'>erat,</span> <span class='ocrx_word' id='word_1_142' title='bbox 440 2827 523 2894; x_wconf 90' lang='lat' dir='ltr'>unde</span> <span class='ocrx_word' id='word_1_143' title='bbox 539 2843 606 2894; x_wconf 91' lang='lat' dir='ltr'>non</span> <span class='ocrx_word' id='word_1_144' title='bbox 624 2825 730 2894; x_wconf 89' lang='lat' dir='ltr'>solum</span> <span class='ocrx_word' id='word_1_145' title='bbox 750 2828 941 2907; x_wconf 87' lang='lat' dir='ltr'>commode,</span> <span class='ocrx_word' id='word_1_146' title='bbox 960 2829 1019 2894; x_wconf 88' lang='lat' dir='ltr'>sed</span> <span class='ocrx_word' id='word_1_147' title='bbox 1036 2843 1072 2896; x_wconf 87' lang='lat' dir='ltr'>et</span> <span class='ocrx_word' id='word_1_148' title='bbox 1090 2829 1201 2911; x_wconf 82' lang='lat' dir='ltr'>lente,</span> 
     </span>
     <span class='ocr_line' id='line_1_23' title="bbox 270 2940 1203 3028; baseline 0.003 -18"><span class='ocrx_word' id='word_1_149' title='bbox 270 2944 414 3018; x_wconf 81' lang='lat' dir='ltr'>viveret,</span> <span class='ocrx_word' id='word_1_150' title='bbox 436 2940 563 3024; x_wconf 80' lang='lat' dir='ltr'>genium</span> <span class='ocrx_word' id='word_1_151' title='bbox 581 2941 740 3022; x_wconf 82' lang='lat' dir='ltr'>placaret,</span> <span class='ocrx_word' id='word_1_152' title='bbox 764 2954 796 3006; x_wconf 91' lang='lat' dir='ltr'>et</span> <span class='ocrx_word' id='word_1_153' title='bbox 818 2942 944 3023; x_wconf 84' lang='lat' dir='ltr'>ciiquid</span> <span class='ocrx_word' id='word_1_154' title='bbox 971 2945 1095 3028; x_wconf 88' lang='lat' dir='ltr'>reliqui</span> <span class='ocrx_word' id='word_1_155' title='bbox 1111 2947 1203 3013; x_wconf 78' lang='lat' dir='ltr'>bebe-</span> 
     </span>
     <span class='ocr_line' id='line_1_24' title="bbox 270 3051 1201 3145; baseline 0.006 -23"><span class='ocrx_word' id='word_1_156' title='bbox 270 3067 333 3122; x_wconf 88' lang='lat' dir='ltr'>ret.</span> <span class='ocrx_word' id='word_1_157' title='bbox 368 3051 510 3121; x_wconf 85' lang='lat' dir='ltr'>Maritus</span> <span class='ocrx_word' id='word_1_158' title='bbox 525 3069 556 3120; x_wconf 85' lang='lat' dir='ltr'>et</span> <span class='ocrx_word' id='word_1_159' title='bbox 576 3067 666 3138; x_wconf 81' lang='lat' dir='ltr'>pater</span> <span class='ocrx_word' id='word_1_160' title='bbox 676 3056 873 3122; x_wconf 79' lang='lat' dir='ltr'>desiderabat</span> <span class='ocrx_word' id='word_1_161' title='bbox 891 3061 1034 3141; x_wconf 85' lang='lat' dir='ltr'>priorem</span> <span class='ocrx_word' id='word_1_162' title='bbox 1053 3061 1201 3145; x_wconf 74' lang='lat' dir='ltr'>cupiens</span> 
     </span>
     <span class='ocr_line' id='line_1_25' title="bbox 271 3165 1203 3256; baseline 0.001 -21"><span class='ocrx_word' id='word_1_163' title='bbox 271 3165 374 3248; x_wconf 87' lang='lat' dir='ltr'>idque</span> <span class='ocrx_word' id='word_1_164' title='bbox 390 3165 495 3252; x_wconf 88' lang='lat' dir='ltr'>primo</span> <span class='ocrx_word' id='word_1_165' title='bbox 513 3169 614 3233; x_wconf 83' lang='lat' dir='ltr'>celare</span> <span class='ocrx_word' id='word_1_166' title='bbox 636 3185 694 3250; x_wconf 84' lang='lat' dir='ltr'>per</span> <span class='ocrx_word' id='word_1_167' title='bbox 717 3168 970 3256; x_wconf 78' lang='lat' dir='ltr'>indulgentium,</span> <span class='ocrx_word' id='word_1_168' title='bbox 994 3175 1117 3246; x_wconf 73' lang='lat' dir='ltr'>deinde</span> <span class='ocrx_word' id='word_1_169' title='bbox 1132 3175 1203 3246; x_wconf 75' lang='lat' dir='ltr'>dili·</span> 
     </span>
     <span class='ocr_line' id='line_1_26' title="bbox 271 3283 1206 3377; baseline 0 -23"><span class='ocrx_word' id='word_1_170' title='bbox 271 3285 382 3371; x_wconf 69' lang='lat' dir='ltr'>flentis</span> <span class='ocrx_word' id='word_1_171' title='bbox 411 3283 591 3368; x_wconf 78' lang='lat' dir='ltr'>corrigere,</span> <span class='ocrx_word' id='word_1_172' title='bbox 620 3299 674 3368; x_wconf 88' lang='lat' dir='ltr'>ct,</span> <span class='ocrx_word' id='word_1_173' title='bbox 705 3288 794 3369; x_wconf 87' lang='lat' dir='ltr'>qnod</span> <span class='ocrx_word' id='word_1_174' title='bbox 828 3289 973 3373; x_wconf 82' lang='lat' dir='ltr'>deesset,</span> <span class='ocrx_word' id='word_1_175' title='bbox 1009 3297 1206 3377; x_wconf 57' lang='lat' dir='ltr'>parcimonie</span> 
     </span>
     <span class='ocr_line' id='line_1_27' title="bbox 275 3399 1206 3494; baseline 0.017 -30"><span class='ocrx_word' id='word_1_176' title='bbox 275 3401 453 3484; x_wconf 80' lang='lat' dir='ltr'>supplere,</span> <span class='ocrx_word' id='word_1_177' title='bbox 476 3399 639 3468; x_wconf 80' lang='lat' dir='ltr'>studebat.</span> <span class='ocrx_word' id='word_1_178' title='bbox 678 3399 801 3468; x_wconf 83' lang='lat' dir='ltr'>Interea</span> <span class='ocrx_word' id='word_1_179' title='bbox 817 3403 937 3487; x_wconf 84' lang='lat' dir='ltr'>duplex</span> <span class='ocrx_word' id='word_1_180' title='bbox 952 3411 1043 3488; x_wconf 77' lang='lat' dir='ltr'>opud</span> <span class='ocrx_word' id='word_1_181' title='bbox 1058 3425 1206 3494; x_wconf 86' lang='lat' dir='ltr'>exteros,</span> 
     </span>
     <span class='ocr_line' id='line_1_28' title="bbox 277 3501 1207 3603; baseline 0.006 -23"><span class='ocrx_word' id='word_1_182' title='bbox 277 3531 378 3597; x_wconf 84' lang='lat' dir='ltr'>esque</span> <span class='ocrx_word' id='word_1_183' title='bbox 400 3515 456 3580; x_wconf 90' lang='lat' dir='ltr'>diu</span> <span class='ocrx_word' id='word_1_184' title='bbox 484 3529 699 3596; x_wconf 77' lang='lat' dir='ltr'>exspectate,</span> <span class='ocrx_word' id='word_1_185' title='bbox 729 3516 923 3602; x_wconf 76' lang='lat' dir='ltr'>haeredites,</span> <span class='ocrx_word' id='word_1_186' title='bbox 957 3501 1207 3603; x_wconf 71' lang='lat' dir='ltr'>procuratorum</span> 
     </span>
     <span class='ocr_line' id='line_1_29' title="bbox 279 3629 1205 3714; baseline 0.003 -19"><span class='ocrx_word' id='word_1_187' title='bbox 279 3630 334 3695; x_wconf 83' lang='lat' dir='ltr'>vel</span> <span class='ocrx_word' id='word_1_188' title='bbox 359 3629 551 3714; x_wconf 72' lang='lat' dir='ltr'>negligentis</span> <span class='ocrx_word' id='word_1_189' title='bbox 577 3631 628 3698; x_wconf 85' lang='lat' dir='ltr'>vel</span> <span class='ocrx_word' id='word_1_190' title='bbox 661 3629 796 3711; x_wconf 77' lang='lat' dir='ltr'>frende,</span> <span class='ocrx_word' id='word_1_191' title='bbox 824 3631 1000 3703; x_wconf 87' lang='lat' dir='ltr'>intercidit.</span> <span class='ocrx_word' id='word_1_192' title='bbox 1053 3641 1205 3706; x_wconf 75' lang='lat' dir='ltr'>Accesse-</span> 
     </span>
     <span class='ocr_line' id='line_1_30' title="bbox 199 3743 1206 3860; baseline 0.009 -51"><span class='ocrx_word' id='word_1_193' title='bbox 199 3850 207 3860; x_wconf 89' lang='lat'><strong>.</strong></span> <span class='ocrx_word' id='word_1_194' title='bbox 277 3757 356 3844; x_wconf 74' lang='lat' dir='ltr'>runt</span> <span class='ocrx_word' id='word_1_195' title='bbox 379 3759 410 3810; x_wconf 89' lang='lat' dir='ltr'>et</span> <span class='ocrx_word' id='word_1_196' title='bbox 435 3743 497 3816; x_wconf 81' lang='lat' dir='ltr'>elit</span> <span class='ocrx_word' id='word_1_197' title='bbox 525 3745 663 3814; x_wconf 85' lang='lat' dir='ltr'>subinde</span> <span class='ocrx_word' id='word_1_198' title='bbox 688 3747 731 3812; x_wconf 91' lang='lat' dir='ltr'>rei</span> <span class='ocrx_word' id='word_1_199' title='bbox 755 3748 919 3818; x_wconf 74' lang='lat' dir='ltr'>familiaris</span> <span class='ocrx_word' id='word_1_200' title='bbox 944 3751 1073 3826; x_wconf 67' lang='lat' dir='ltr'>dumne</span> <span class='ocrx_word' id='word_1_201' title='bbox 1120 3755 1206 3842; x_wconf 73' lang='lat' dir='ltr'>Quot</span> 
     </span>
    </p>

    <p class='ocr_par' dir='ltr' id='par_1_4' title="bbox 282 3858 1207 3964">
     <span class='ocr_line' id='line_1_31' title="bbox 282 3858 1207 3964; baseline 0.014 -35"><span class='ocrx_word' id='word_1_202' title='bbox 282 3861 357 3964; x_wconf 79' lang='lat' dir='ltr'>ipse</span> <span class='ocrx_word' id='word_1_203' title='bbox 373 3858 582 3960; x_wconf 80' lang='lat' dir='ltr'>detrimenta,</span> <span class='ocrx_word' id='word_1_204' title='bbox 605 3881 735 3937; x_wconf 83' lang='lat' dir='ltr'>sucrum</span> <span class='ocrx_word' id='word_1_205' title='bbox 750 3865 876 3956; x_wconf 65' lang='lat' dir='ltr'>mstis,</span> <span class='ocrx_word' id='word_1_206' title='bbox 897 3885 994 3957; x_wconf 77' lang='lat' dir='ltr'>quum</span> <span class='ocrx_word' id='word_1_207' title='bbox 1021 3871 1099 3960; x_wconf 86' lang='lat' dir='ltr'>sui,</span> <span class='ocrx_word' id='word_1_208' title='bbox 1119 3889 1207 3946; x_wconf 81' lang='lat' dir='ltr'>ccuc·</span> 
     </span>
    </p>
   </div>
   <div class='ocr_carea' id='block_1_3' title="bbox 265 4003 1205 4102">
    <p class='ocr_par' dir='ltr' id='par_1_5' title="bbox 265 4003 1205 4102">
     <span class='ocr_line' id='line_1_32' title="bbox 265 4003 1205 4102; baseline -0.011 -26"><span class='ocrx_word' id='word_1_209' title='bbox 265 4059 277 4102; x_wconf 55' lang='lat'><strong><em>4</em></strong></span> <span class='ocrx_word' id='word_1_210' title='bbox 1168 4003 1205 4066; x_wconf 67' lang='lat' dir='ltr'>fl</span> 
     </span>
    </p>
   </div>
   <div class='ocr_carea' id='block_1_4' title="bbox 0 0 1278 4708">
    <p class='ocr_par' dir='ltr' id='par_1_6' title="bbox 0 0 1278 4708">
     <span class='ocr_line' id='line_1_33' title="bbox 0 0 1278 4708; baseline 0 0"><span class='ocrx_word' id='word_1_211' title='bbox 0 0 1278 4708; x_wconf 95' lang='lat' dir='ltr'> </span> 
     </span>
    </p>
   </div>
  </div>
 </body>
</html>
