<?xml version="1.0" encoding="UTF-8"?>
<!DOCTYPE html PUBLIC "-//W3C//DTD XHTML 1.0 Transitional//EN"
    "http://www.w3.org/TR/xhtml1/DTD/xhtml1-transitional.dtd">
<html xmlns="http://www.w3.org/1999/xhtml" xml:lang="en" lang="en">
 <head>
  <title>
</title>
<meta http-equiv="Content-Type" content="text/html;charset=utf-8" />
  <meta name='ocr-system' content='tesseract 3.04.00' />
  <meta name='ocr-capabilities' content='ocr_page ocr_carea ocr_par ocr_line ocrx_word'/>
</head>
<body>
  <div class='ocr_page' id='page_1' title='image "./opusculavariiar01wyttgoog_0741.png"; bbox 0 0 2506 4712; ppageno 0'>
   <div class='ocr_carea' id='block_1_1' title="bbox 267 309 1023 422">
    <p class='ocr_par' dir='ltr' id='par_1_1' title="bbox 267 309 1023 422">
     <span class='ocr_line' id='line_1_1' title="bbox 267 309 1023 422; baseline -0.009 -32"><span class='ocrx_word' id='word_1_1' title='bbox 267 327 331 422; x_wconf 59' lang='lat'>25!</span> <span class='ocrx_word' id='word_1_2' title='bbox 432 319 586 406; x_wconf 71' lang='lat' dir='ltr'><strong>VITA,</strong></span> <span class='ocrx_word' id='word_1_3' title='bbox 606 319 651 386; x_wconf 92' lang='lat' dir='ltr'>D.</span> <span class='ocrx_word' id='word_1_4' title='bbox 690 309 1023 383; x_wconf 76' lang='lat' dir='ltr'>RiUHNKENll.</span> 
     </span>
    </p>
   </div>
   <div class='ocr_carea' id='block_1_2' title="bbox 275 497 1221 1048">
    <p class='ocr_par' dir='ltr' id='par_1_2' title="bbox 275 497 1221 1048">
     <span class='ocr_line' id='line_1_2' title="bbox 275 497 1213 588; baseline -0.01 -11"><span class='ocrx_word' id='word_1_5' title='bbox 275 513 324 588; x_wconf 84' lang='lat' dir='ltr'>nil</span> <span class='ocrx_word' id='word_1_6' title='bbox 348 505 512 576; x_wconf 82' lang='lat' dir='ltr'>affabilius</span> <span class='ocrx_word' id='word_1_7' title='bbox 536 499 641 568; x_wconf 86' lang='lat' dir='ltr'>fnisse</span> <span class='ocrx_word' id='word_1_8' title='bbox 660 497 784 567; x_wconf 76' lang='lat' dir='ltr'>senune</span> <span class='ocrx_word' id='word_1_9' title='bbox 816 511 851 566; x_wconf 89' lang='lat' dir='ltr'>at</span> <span class='ocrx_word' id='word_1_10' title='bbox 870 497 970 566; x_wconf 82' lang='lat' dir='ltr'>simul</span> <span class='ocrx_word' id='word_1_11' title='bbox 995 503 1213 568; x_wconf 77' lang='lat' dir='ltr'>talamannia</span> 
     </span>
     <span class='ocr_line' id='line_1_3' title="bbox 285 616 1217 702; baseline -0.011 -8"><span class='ocrx_word' id='word_1_12' title='bbox 285 641 401 694; x_wconf 87' lang='lat' dir='ltr'>manna</span> <span class='ocrx_word' id='word_1_13' title='bbox 417 617 585 690; x_wconf 75' lang='lat' dir='ltr'>sumsisset</span> <span class='ocrx_word' id='word_1_14' title='bbox 595 617 636 684; x_wconf 84' lang='lat' dir='ltr'>ad</span> <span class='ocrx_word' id='word_1_15' title='bbox 648 616 876 698; x_wconf 78' lang='lat' dir='ltr'>scribendum,</span> <span class='ocrx_word' id='word_1_16' title='bbox 890 617 981 701; x_wconf 90' lang='lat' dir='ltr'>quod</span> <span class='ocrx_word' id='word_1_17' title='bbox 991 617 1217 702; x_wconf 76' lang='lat' dir='ltr'>publicanda·</span> 
     </span>
     <span class='ocr_line' id='line_1_4' title="bbox 288 709 1220 823; baseline -0.014 -12"><span class='ocrx_word' id='word_1_18' title='bbox 288 757 360 823; x_wconf 84' lang='lat' dir='ltr'>ret,</span> <span class='ocrx_word' id='word_1_19' title='bbox 381 709 473 806; x_wconf 84' lang='lat' dir='ltr'>totus</span> <span class='ocrx_word' id='word_1_20' title='bbox 493 746 559 801; x_wconf 85' lang='lat' dir='ltr'>etat</span> <span class='ocrx_word' id='word_1_21' title='bbox 585 745 729 800; x_wconf 89' lang='lat' dir='ltr'>mutatus</span> <span class='ocrx_word' id='word_1_22' title='bbox 751 732 792 800; x_wconf 88' lang='lat' dir='ltr'>ab</span> <span class='ocrx_word' id='word_1_23' title='bbox 819 751 858 800; x_wconf 89' lang='lat' dir='ltr'>eo</span> <span class='ocrx_word' id='word_1_24' title='bbox 877 732 934 817; x_wconf 91' lang='lat' dir='ltr'>qni</span> <span class='ocrx_word' id='word_1_25' title='bbox 959 733 1064 800; x_wconf 90' lang='lat' dir='ltr'>modo</span> <span class='ocrx_word' id='word_1_26' title='bbox 1093 733 1220 814; x_wconf 68' lang='lat' dir='ltr'>finus,</span> 
     </span>
     <span class='ocr_line' id='line_1_5' title="bbox 287 847 1221 932; baseline -0.01 -8"><span class='ocrx_word' id='word_1_27' title='bbox 287 857 336 926; x_wconf 92' lang='lat' dir='ltr'>nil</span> <span class='ocrx_word' id='word_1_28' title='bbox 352 851 416 922; x_wconf 89' lang='lat' dir='ltr'>nisi</span> <span class='ocrx_word' id='word_1_29' title='bbox 434 849 516 916; x_wconf 81' lang='lat' dir='ltr'>rixas</span> <span class='ocrx_word' id='word_1_30' title='bbox 536 860 568 912; x_wconf 83' lang='lat' dir='ltr'>ct</span> <span class='ocrx_word' id='word_1_31' title='bbox 585 847 809 914; x_wconf 80' lang='lat' dir='ltr'>contentiones</span> <span class='ocrx_word' id='word_1_32' title='bbox 832 847 995 932; x_wconf 79' lang='lat' dir='ltr'>spirabat3</span> <span class='ocrx_word' id='word_1_33' title='bbox 1019 861 1062 914; x_wconf 90' lang='lat' dir='ltr'>ut</span> <span class='ocrx_word' id='word_1_34' title='bbox 1090 848 1128 914; x_wconf 86' lang='lat' dir='ltr'>ci</span> <span class='ocrx_word' id='word_1_35' title='bbox 1141 848 1221 916; x_wconf 84' lang='lat' dir='ltr'>illud</span> 
     </span>
     <span class='ocr_line' id='line_1_6' title="bbox 280 959 989 1048; baseline -0.011 -13"><span class='ocrx_word' id='word_1_36' title='bbox 280 967 427 1043; x_wconf 74' lang='lat' dir='ltr'>Electrae</span> <span class='ocrx_word' id='word_1_37' title='bbox 448 961 547 1048; x_wconf 83' lang='lat'>(98)</span> <span class='ocrx_word' id='word_1_38' title='bbox 567 961 609 1028; x_wconf 87' lang='lat' dir='ltr'>ad</span> <span class='ocrx_word' id='word_1_39' title='bbox 625 959 771 1030; x_wconf 86' lang='lat' dir='ltr'>Orestem</span> <span class='ocrx_word' id='word_1_40' title='bbox 785 961 989 1048; x_wconf 77' lang='lat' dir='ltr'>subjiceres,</span> 
     </span>
    </p>
   </div>
   <div class='ocr_carea' id='block_1_3' title="bbox 363 1137 1243 1346">
    <p class='ocr_par' dir='ltr' id='par_1_3' title="bbox 363 1137 1243 1346">
     <span class='ocr_line' id='line_1_7' title="bbox 363 1137 1243 1226; baseline -0.001 -15"><span class='ocrx_word' id='word_1_41' title='bbox 363 1141 410 1211; x_wconf 76' lang='lat' dir='ltr'>Oi</span> <span class='ocrx_word' id='word_1_42' title='bbox 426 1164 501 1226; x_wconf 71' lang='grc' dir='ltr'>μοι,</span> <span class='ocrx_word' id='word_1_43' title='bbox 522 1137 703 1220; x_wconf 66' lang='grc' dir='ltr'>κασίγνητ’,</span> <span class='ocrx_word' id='word_1_44' title='bbox 723 1139 813 1222; x_wconf 68' lang='lat' dir='ltr'>duaa</span> <span class='ocrx_word' id='word_1_45' title='bbox 831 1139 883 1210; x_wconf 74' lang='lat' dir='ltr'>clv</span> <span class='ocrx_word' id='word_1_46' title='bbox 903 1139 1134 1226; x_wconf 65' lang='grc' dir='ltr'>ταράσσεται,</span> <span class='ocrx_word' id='word_1_47' title='bbox 1242 1159 1243 1190; x_wconf 66' lang='lat' dir='ltr'>l</span> 
     </span>
     <span class='ocr_line' id='line_1_8' title="bbox 368 1256 1150 1346; baseline -0.006 -17"><span class='ocrx_word' id='word_1_48' title='bbox 368 1261 486 1343; x_wconf 68' lang='lat' dir='ltr'>Toxle</span> <span class='ocrx_word' id='word_1_49' title='bbox 507 1259 540 1328; x_wconf 67' lang='lat' dir='ltr'>di</span> <span class='ocrx_word' id='word_1_50' title='bbox 560 1257 685 1340; x_wconf 70' lang='lat' dir='ltr'>unalitas</span> <span class='ocrx_word' id='word_1_51' title='bbox 706 1257 846 1340; x_wconf 67' lang='lat' dir='ltr'>nalem,</span> <span class='ocrx_word' id='word_1_52' title='bbox 870 1256 940 1342; x_wconf 73' lang='grc' dir='ltr'>ἄρτι</span> <span class='ocrx_word' id='word_1_53' title='bbox 960 1267 1150 1346; x_wconf 65' lang='grc' dir='ltr'>σωφρονῶ.</span> 
     </span>
    </p>
   </div>
   <div class='ocr_carea' id='block_1_4' title="bbox 276 1425 1242 2209">
    <p class='ocr_par' dir='ltr' id='par_1_4' title="bbox 276 1425 1242 2209">
     <span class='ocr_line' id='line_1_9' title="bbox 281 1425 1220 1513; baseline -0.005 -12"><span class='ocrx_word' id='word_1_54' title='bbox 281 1428 447 1501; x_wconf 86' lang='lat' dir='ltr'>Schraderi</span> <span class='ocrx_word' id='word_1_55' title='bbox 472 1429 558 1496; x_wconf 85' lang='lat' dir='ltr'>haud</span> <span class='ocrx_word' id='word_1_56' title='bbox 574 1427 731 1496; x_wconf 85' lang='lat' dir='ltr'>dissimile</span> <span class='ocrx_word' id='word_1_57' title='bbox 754 1425 820 1494; x_wconf 86' lang='lat' dir='ltr'>fnit</span> <span class='ocrx_word' id='word_1_58' title='bbox 835 1429 1020 1512; x_wconf 74' lang='lat' dir='ltr'>negotium.</span> <span class='ocrx_word' id='word_1_59' title='bbox 1071 1433 1104 1498; x_wconf 92' lang='lat' dir='ltr'>ln</span> <span class='ocrx_word' id='word_1_60' title='bbox 1124 1449 1220 1513; x_wconf 82' lang='lat' dir='ltr'>qno·</span> 
     </span>
     <span class='ocr_line' id='line_1_10' title="bbox 283 1539 1217 1626; baseline -0.005 -15"><span class='ocrx_word' id='word_1_61' title='bbox 283 1545 404 1612; x_wconf 91' lang='lat' dir='ltr'>tidiana</span> <span class='ocrx_word' id='word_1_62' title='bbox 421 1541 487 1608; x_wconf 88' lang='lat' dir='ltr'>ulta</span> <span class='ocrx_word' id='word_1_63' title='bbox 504 1554 536 1608; x_wconf 86' lang='lat' dir='ltr'>et</span> <span class='ocrx_word' id='word_1_64' title='bbox 551 1539 727 1622; x_wconf 86' lang='lat' dir='ltr'>colloquiis</span> <span class='ocrx_word' id='word_1_65' title='bbox 742 1551 829 1608; x_wconf 74' lang='lat' dir='ltr'>unta</span> <span class='ocrx_word' id='word_1_66' title='bbox 844 1557 911 1608; x_wconf 85' lang='lat' dir='ltr'>erat</span> <span class='ocrx_word' id='word_1_67' title='bbox 926 1543 1113 1626; x_wconf 86' lang='lat' dir='ltr'>modestia,</span> <span class='ocrx_word' id='word_1_68' title='bbox 1130 1561 1217 1626; x_wconf 84' lang='lat' dir='ltr'>qnae</span> 
     </span>
     <span class='ocr_line' id='line_1_11' title="bbox 281 1656 1217 1727; baseline 0.003 -3"><span class='ocrx_word' id='word_1_69' title='bbox 281 1657 347 1724; x_wconf 86' lang='lat' dir='ltr'>fere</span> <span class='ocrx_word' id='word_1_70' title='bbox 370 1657 411 1724; x_wconf 88' lang='lat' dir='ltr'>ad</span> <span class='ocrx_word' id='word_1_71' title='bbox 429 1656 628 1723; x_wconf 80' lang='lat' dir='ltr'>timiditatem</span> <span class='ocrx_word' id='word_1_72' title='bbox 650 1657 795 1724; x_wconf 88' lang='lat' dir='ltr'>accedere</span> <span class='ocrx_word' id='word_1_73' title='bbox 821 1657 1009 1727; x_wconf 79' lang='lat' dir='ltr'>videretur:</span> <span class='ocrx_word' id='word_1_74' title='bbox 1031 1661 1069 1726; x_wconf 87' lang='lat' dir='ltr'>in</span> <span class='ocrx_word' id='word_1_75' title='bbox 1095 1658 1217 1726; x_wconf 87' lang='lat' dir='ltr'>Emen-</span> 
     </span>
     <span class='ocr_line' id='line_1_12' title="bbox 279 1760 1242 1861; baseline 0 -19"><span class='ocrx_word' id='word_1_76' title='bbox 279 1774 444 1842; x_wconf 83' lang='lat' dir='ltr'>dationuua</span> <span class='ocrx_word' id='word_1_77' title='bbox 465 1772 548 1840; x_wconf 87' lang='lat' dir='ltr'>libro</span> <span class='ocrx_word' id='word_1_78' title='bbox 564 1772 723 1856; x_wconf 86' lang='lat' dir='ltr'>superbus</span> <span class='ocrx_word' id='word_1_79' title='bbox 749 1773 955 1859; x_wconf 81' lang='lat' dir='ltr'>vitilitigator</span> <span class='ocrx_word' id='word_1_80' title='bbox 974 1777 1132 1861; x_wconf 83' lang='lat' dir='ltr'>exstitit,</span> <span class='ocrx_word' id='word_1_81' title='bbox 1158 1779 1213 1858; x_wconf 85' lang='lat' dir='ltr'>qui</span> <span class='ocrx_word' id='word_1_82' title='bbox 1240 1760 1242 1810; x_wconf 65' lang='lat'><strong>¹</strong></span> 
     </span>
     <span class='ocr_line' id='line_1_13' title="bbox 281 1887 1216 1976; baseline 0 -20"><span class='ocrx_word' id='word_1_83' title='bbox 281 1889 492 1960; x_wconf 84' lang='lat' dir='ltr'>maximorum</span> <span class='ocrx_word' id='word_1_84' title='bbox 514 1887 679 1969; x_wconf 83' lang='lat' dir='ltr'>virorum,</span> <span class='ocrx_word' id='word_1_85' title='bbox 701 1889 790 1970; x_wconf 90' lang='lat' dir='ltr'>quod</span> <span class='ocrx_word' id='word_1_86' title='bbox 807 1891 874 1970; x_wconf 87' lang='lat' dir='ltr'>ait,</span> <span class='ocrx_word' id='word_1_87' title='bbox 897 1907 1025 1956; x_wconf 70' lang='lat' dir='ltr'>utores</span> <span class='ocrx_word' id='word_1_88' title='bbox 1050 1893 1092 1958; x_wconf 88' lang='lat' dir='ltr'>de</span> <span class='ocrx_word' id='word_1_89' title='bbox 1116 1893 1216 1976; x_wconf 82' lang='lat' dir='ltr'>sylla·</span> 
     </span>
     <span class='ocr_line' id='line_1_14' title="bbox 276 1938 1242 2090; baseline 0.004 -20"><span class='ocrx_word' id='word_1_90' title='bbox 276 2001 389 2072; x_wconf 84' lang='lat' dir='ltr'>barum</span> <span class='ocrx_word' id='word_1_91' title='bbox 413 2003 511 2072; x_wconf 89' lang='lat' dir='ltr'>modo</span> <span class='ocrx_word' id='word_1_92' title='bbox 534 2003 721 2090; x_wconf 82' lang='lat' dir='ltr'>colligeret,</span> <span class='ocrx_word' id='word_1_93' title='bbox 748 2019 780 2069; x_wconf 87' lang='lat' dir='ltr'>et</span> <span class='ocrx_word' id='word_1_94' title='bbox 799 2002 833 2084; x_wconf 84' lang='lat' dir='ltr'>in</span> <span class='ocrx_word' id='word_1_95' title='bbox 851 2004 1025 2088; x_wconf 83' lang='lat' dir='ltr'>triumpho</span> <span class='ocrx_word' id='word_1_96' title='bbox 1048 2009 1207 2090; x_wconf 66' lang='lat' dir='ltr'>ducercta</span> <span class='ocrx_word' id='word_1_97' title='bbox 1239 1938 1242 2061; x_wconf 43' lang='lat' dir='ltr'>i</span> 
     </span>
     <span class='ocr_line' id='line_1_15' title="bbox 281 2099 1242 2209; baseline 0.006 -25"><span class='ocrx_word' id='word_1_98' title='bbox 281 2099 318 2184; x_wconf 84' lang='lat' dir='ltr'>ut</span> <span class='ocrx_word' id='word_1_99' title='bbox 333 2117 361 2184; x_wconf 89' lang='lat' dir='ltr'>ei</span> <span class='ocrx_word' id='word_1_100' title='bbox 378 2120 452 2184; x_wconf 88' lang='lat' dir='ltr'>item</span> <span class='ocrx_word' id='word_1_101' title='bbox 471 2111 646 2202; x_wconf 77' lang='lat' dir='ltr'>Tragicum</span> <span class='ocrx_word' id='word_1_102' title='bbox 664 2116 743 2201; x_wconf 87' lang='lat' dir='ltr'>quid</span> <span class='ocrx_word' id='word_1_103' title='bbox 766 2118 865 2204; x_wconf 82' lang='lat'><em>(99)</em></span> <span class='ocrx_word' id='word_1_104' title='bbox 887 2121 1100 2204; x_wconf 82' lang='lat' dir='ltr'>occinamus,</span> <span class='ocrx_word' id='word_1_105' title='bbox 1240 2146 1242 2209; x_wconf 58' lang='lat' dir='ltr'>l</span> 
     </span>
    </p>
   </div>
   <div class='ocr_carea' id='block_1_5' title="bbox 354 2293 1078 2384">
    <p class='ocr_par' dir='ltr' id='par_1_5' title="bbox 354 2293 1078 2384">
     <span class='ocr_line' id='line_1_16' title="bbox 354 2293 1078 2384; baseline 0.006 -20"><span class='ocrx_word' id='word_1_106' title='bbox 354 2293 514 2376; x_wconf 79' lang='lat' dir='ltr'>·&#39;&#39;0&gt;uto‚</span> <span class='ocrx_word' id='word_1_107' title='bbox 537 2294 646 2374; x_wconf 71' lang='grc' dir='ltr'>θνητῶν</span> <span class='ocrx_word' id='word_1_108' title='bbox 667 2294 799 2375; x_wconf 68' lang='grc' dir='ltr'>ἐκλέγων</span> <span class='ocrx_word' id='word_1_109' title='bbox 819 2297 877 2373; x_wconf 75' lang='lat' dir='ltr'>ctis</span> <span class='ocrx_word' id='word_1_110' title='bbox 899 2295 1078 2384; x_wconf 69' lang='grc' dir='ltr'><strong><em>συμφοράς.</em></strong></span> 
     </span>
    </p>
   </div>
   <div class='ocr_carea' id='block_1_6' title="bbox 267 2457 1207 3115">
    <p class='ocr_par' dir='ltr' id='par_1_6' title="bbox 267 2457 1207 3012">
     <span class='ocr_line' id='line_1_17' title="bbox 275 2457 1207 2548; baseline 0.011 -19"><span class='ocrx_word' id='word_1_111' title='bbox 275 2457 492 2530; x_wconf 79' lang='lat' dir='ltr'>Ruhnltenius</span> <span class='ocrx_word' id='word_1_112' title='bbox 520 2483 710 2548; x_wconf 84' lang='lat' dir='ltr'>magnorum</span> <span class='ocrx_word' id='word_1_113' title='bbox 736 2467 879 2534; x_wconf 84' lang='lat' dir='ltr'>virorum</span> <span class='ocrx_word' id='word_1_114' title='bbox 904 2485 1030 2538; x_wconf 84' lang='lat' dir='ltr'>errones</span> <span class='ocrx_word' id='word_1_115' title='bbox 1060 2488 1127 2538; x_wconf 88' lang='lat' dir='ltr'>non</span> <span class='ocrx_word' id='word_1_116' title='bbox 1157 2469 1207 2538; x_wconf 89' lang='lat' dir='ltr'>si·</span> 
     </span>
     <span class='ocr_line' id='line_1_18' title="bbox 279 2575 1203 2670; baseline 0.011 -27"><span class='ocrx_word' id='word_1_117' title='bbox 279 2575 378 2644; x_wconf 88' lang='lat' dir='ltr'>lentio</span> <span class='ocrx_word' id='word_1_118' title='bbox 401 2579 645 2660; x_wconf 84' lang='lat' dir='ltr'>praetereundos</span> <span class='ocrx_word' id='word_1_119' title='bbox 663 2579 833 2663; x_wconf 86' lang='lat' dir='ltr'>censebat,</span> <span class='ocrx_word' id='word_1_120' title='bbox 856 2585 917 2650; x_wconf 83' lang='lat' dir='ltr'>aed</span> <span class='ocrx_word' id='word_1_121' title='bbox 931 2604 972 2651; x_wconf 88' lang='lat' dir='ltr'>eo</span> <span class='ocrx_word' id='word_1_122' title='bbox 987 2585 1080 2670; x_wconf 78' lang='lat' dir='ltr'>magis</span> <span class='ocrx_word' id='word_1_123' title='bbox 1094 2587 1203 2652; x_wconf 82' lang='lat' dir='ltr'>corri-</span> 
     </span>
     <span class='ocr_line' id='line_1_19' title="bbox 278 2693 1201 2782; baseline 0.009 -22"><span class='ocrx_word' id='word_1_124' title='bbox 278 2693 424 2782; x_wconf 77' lang='lat' dir='ltr'>gendos,</span> <span class='ocrx_word' id='word_1_125' title='bbox 445 2710 513 2774; x_wconf 90' lang='lat' dir='ltr'>qun</span> <span class='ocrx_word' id='word_1_126' title='bbox 540 2694 643 2780; x_wconf 70' lang='lat' dir='ltr'>magis</span> <span class='ocrx_word' id='word_1_127' title='bbox 666 2695 813 2778; x_wconf 86' lang='lat' dir='ltr'>exemplo</span> <span class='ocrx_word' id='word_1_128' title='bbox 836 2709 869 2760; x_wconf 91' lang='lat' dir='ltr'>et</span> <span class='ocrx_word' id='word_1_129' title='bbox 889 2701 1079 2766; x_wconf 84' lang='lat' dir='ltr'>auctoritate</span> <span class='ocrx_word' id='word_1_130' title='bbox 1102 2719 1201 2768; x_wconf 87' lang='lat' dir='ltr'>noce·</span> 
     </span>
     <span class='ocr_line' id='line_1_20' title="bbox 267 2789 1204 2894; baseline 0.007 -19"><span class='ocrx_word' id='word_1_131' title='bbox 267 2789 371 2876; x_wconf 79' lang='lat' dir='ltr'>&#39;rente</span> <span class='ocrx_word' id='word_1_132' title='bbox 397 2821 521 2892; x_wconf 81' lang='lat' dir='ltr'>reperto</span> <span class='ocrx_word' id='word_1_133' title='bbox 541 2826 665 2892; x_wconf 84' lang='lat' dir='ltr'>errore,</span> <span class='ocrx_word' id='word_1_134' title='bbox 687 2807 815 2890; x_wconf 78' lang='lat' dir='ltr'>dolebat</span> <span class='ocrx_word' id='word_1_135' title='bbox 839 2827 957 2894; x_wconf 83' lang='lat' dir='ltr'>magno</span> <span class='ocrx_word' id='word_1_136' title='bbox 977 2813 1051 2880; x_wconf 81' lang='lat' dir='ltr'>uiro</span> <span class='ocrx_word' id='word_1_137' title='bbox 1072 2815 1204 2882; x_wconf 88' lang='lat' dir='ltr'>hnmani</span> 
     </span>
     <span class='ocr_line' id='line_1_21' title="bbox 280 2923 1200 3012; baseline 0.011 -24"><span class='ocrx_word' id='word_1_138' title='bbox 280 2925 361 3010; x_wconf 86' lang='lat' dir='ltr'>qnid</span> <span class='ocrx_word' id='word_1_139' title='bbox 377 2923 549 2994; x_wconf 85' lang='lat' dir='ltr'>accidisse:</span> <span class='ocrx_word' id='word_1_140' title='bbox 559 2923 744 2994; x_wconf 83' lang='lat' dir='ltr'>humaniter</span> <span class='ocrx_word' id='word_1_141' title='bbox 755 2923 833 2992; x_wconf 90' lang='lat' dir='ltr'>item</span> <span class='ocrx_word' id='word_1_142' title='bbox 848 2927 1027 3012; x_wconf 78' lang='lat' dir='ltr'>leniterque</span> <span class='ocrx_word' id='word_1_143' title='bbox 1037 2933 1200 3000; x_wconf 85' lang='lat' dir='ltr'>monebata</span> 
     </span>
    </p>

    <p class='ocr_par' dir='ltr' id='par_1_7' title="bbox 1138 3064 1202 3115">
     <span class='ocr_line' id='line_1_22' title="bbox 1138 3064 1202 3115; baseline -0.031 0"><span class='ocrx_word' id='word_1_144' title='bbox 1138 3064 1202 3115; x_wconf 89' lang='lat' dir='ltr'>non</span> 
     </span>
    </p>
   </div>
   <div class='ocr_carea' id='block_1_7' title="bbox 266 3246 1201 3978">
    <p class='ocr_par' dir='ltr' id='par_1_8' title="bbox 272 3246 1201 3441">
     <span class='ocr_line' id='line_1_23' title="bbox 308 3246 1201 3326; baseline 0.002 -18"><span class='ocrx_word' id='word_1_145' title='bbox 308 3247 328 3326; x_wconf 90' lang='lat'>(</span> <span class='ocrx_word' id='word_1_146' title='bbox 336 3246 399 3326; x_wconf 89' lang='lat'>98)</span> <span class='ocrx_word' id='word_1_147' title='bbox 418 3247 548 3323; x_wconf 80' lang='lat' dir='ltr'>Euripid.</span> <span class='ocrx_word' id='word_1_148' title='bbox 562 3247 658 3310; x_wconf 85' lang='lat' dir='ltr'>Orest.</span> <span class='ocrx_word' id='word_1_149' title='bbox 676 3263 740 3324; x_wconf 79' lang='lat'>253.</span> <span class='ocrx_word' id='word_1_150' title='bbox 762 3246 872 3307; x_wconf 84' lang='lat' dir='ltr'>Eodem</span> <span class='ocrx_word' id='word_1_151' title='bbox 887 3249 968 3308; x_wconf 91' lang='lat' dir='ltr'>dicto</span> <span class='ocrx_word' id='word_1_152' title='bbox 983 3250 1112 3310; x_wconf 88' lang='lat' dir='ltr'>insimili</span> <span class='ocrx_word' id='word_1_153' title='bbox 1127 3266 1201 3310; x_wconf 83' lang='lat' dir='ltr'>caus·</span> 
     </span>
     <span class='ocr_line' id='line_1_24' title="bbox 272 3351 1145 3441; baseline 0.005 -23"><span class='ocrx_word' id='word_1_154' title='bbox 272 3372 302 3418; x_wconf 87' lang='lat' dir='ltr'>sa</span> <span class='ocrx_word' id='word_1_155' title='bbox 319 3373 385 3416; x_wconf 90' lang='lat' dir='ltr'>usus</span> <span class='ocrx_word' id='word_1_156' title='bbox 404 3369 447 3416; x_wconf 84' lang='lat' dir='ltr'>est</span> <span class='ocrx_word' id='word_1_157' title='bbox 466 3356 641 3441; x_wconf 71' lang='lat' dir='ltr'>Chrysippus</span> <span class='ocrx_word' id='word_1_158' title='bbox 662 3355 736 3432; x_wconf 85' lang='lat' dir='ltr'>apud</span> <span class='ocrx_word' id='word_1_159' title='bbox 749 3357 836 3428; x_wconf 83' lang='lat' dir='ltr'>Diog.</span> <span class='ocrx_word' id='word_1_160' title='bbox 858 3351 954 3417; x_wconf 70' lang='lat' dir='ltr'>Lairt.</span> <span class='ocrx_word' id='word_1_161' title='bbox 972 3357 1058 3431; x_wconf 91' lang='lat' dir='ltr'>v11,</span> <span class='ocrx_word' id='word_1_162' title='bbox 1081 3364 1145 3422; x_wconf 80' lang='lat'>182.</span> 
     </span>
    </p>

    <p class='ocr_par' dir='ltr' id='par_1_9' title="bbox 266 3461 1200 3978">
     <span class='ocr_line' id='line_1_25' title="bbox 311 3461 1200 3547; baseline 0.007 -22"><span class='ocrx_word' id='word_1_163' title='bbox 311 3461 404 3544; x_wconf 89' lang='lat'>(99)</span> <span class='ocrx_word' id='word_1_164' title='bbox 423 3467 525 3526; x_wconf 85' lang='lat' dir='ltr'>Exstat</span> <span class='ocrx_word' id='word_1_165' title='bbox 545 3465 619 3540; x_wconf 87' lang='lat' dir='ltr'>apud</span> <span class='ocrx_word' id='word_1_166' title='bbox 639 3463 819 3524; x_wconf 83' lang='lat' dir='ltr'>Plutarchum</span> <span class='ocrx_word' id='word_1_167' title='bbox 838 3465 917 3540; x_wconf 89' lang='lat' dir='ltr'><strong>Opp.</strong></span> <span class='ocrx_word' id='word_1_168' title='bbox 937 3467 1045 3530; x_wconf 82' lang='lat' dir='ltr'>lllornl.</span> <span class='ocrx_word' id='word_1_169' title='bbox 1072 3489 1102 3546; x_wconf 85' lang='lat' dir='ltr'>p.</span> <span class='ocrx_word' id='word_1_170' title='bbox 1126 3488 1200 3547; x_wconf 73' lang='lat'>520,</span> 
     </span>
     <span class='ocr_line' id='line_1_26' title="bbox 270 3573 1197 3654; baseline 0.005 -20"><span class='ocrx_word' id='word_1_171' title='bbox 270 3577 312 3634; x_wconf 83' lang='lat' dir='ltr'>B:</span> <span class='ocrx_word' id='word_1_172' title='bbox 333 3579 385 3651; x_wconf 78' lang='lat'>855</span> <span class='ocrx_word' id='word_1_173' title='bbox 397 3617 407 3646; x_wconf 69' lang='lat' dir='ltr'>s</span> <span class='ocrx_word' id='word_1_174' title='bbox 433 3577 481 3638; x_wconf 78' lang='lat' dir='ltr'>De</span> <span class='ocrx_word' id='word_1_175' title='bbox 500 3575 656 3636; x_wconf 86' lang='lat' dir='ltr'>Lucianum</span> <span class='ocrx_word' id='word_1_176' title='bbox 680 3573 717 3634; x_wconf 87' lang='lat' dir='ltr'>T.</span> <span class='ocrx_word' id='word_1_177' title='bbox 734 3573 775 3637; x_wconf 84' lang='grc' dir='ltr'>ΙΙ.</span> <span class='ocrx_word' id='word_1_178' title='bbox 795 3591 826 3650; x_wconf 88' lang='lat' dir='ltr'>p.</span> <span class='ocrx_word' id='word_1_179' title='bbox 846 3577 912 3648; x_wconf 83' lang='lat'><strong>338.</strong></span> <span class='ocrx_word' id='word_1_180' title='bbox 949 3577 1071 3638; x_wconf 88' lang='lat' dir='ltr'>Videtur</span> <span class='ocrx_word' id='word_1_181' title='bbox 1090 3581 1197 3654; x_wconf 70' lang='lat' dir='ltr'>sopito·</span> 
     </span>
     <span class='ocr_line' id='line_1_27' title="bbox 268 3681 1197 3760; baseline 0.001 -14"><span class='ocrx_word' id='word_1_182' title='bbox 268 3685 320 3746; x_wconf 83' lang='lat' dir='ltr'>ciis</span> <span class='ocrx_word' id='word_1_183' title='bbox 339 3701 401 3744; x_wconf 84' lang='lat' dir='ltr'>esse</span> <span class='ocrx_word' id='word_1_184' title='bbox 419 3685 572 3756; x_wconf 83' lang='lat' dir='ltr'>sententia,</span> <span class='ocrx_word' id='word_1_185' title='bbox 592 3701 675 3760; x_wconf 87' lang='lat' dir='ltr'>quam</span> <span class='ocrx_word' id='word_1_186' title='bbox 695 3681 832 3759; x_wconf 69' lang='lat' dir='ltr'>signifieat</span> <span class='ocrx_word' id='word_1_187' title='bbox 851 3685 997 3760; x_wconf 75' lang='lat' dir='ltr'>Diogenes</span> <span class='ocrx_word' id='word_1_188' title='bbox 1013 3688 1111 3748; x_wconf 64' lang='grc' dir='ltr'><strong>[εὸτι.</strong></span> <span class='ocrx_word' id='word_1_189' title='bbox 1126 3689 1197 3758; x_wconf 82' lang='lat' dir='ltr'>vll,</span> 
     </span>
     <span class='ocr_line' id='line_1_28' title="bbox 266 3793 1197 3868; baseline 0.01 -18"><span class='ocrx_word' id='word_1_190' title='bbox 266 3805 307 3868; x_wconf 70' lang='lat' dir='ltr'>ys</span> <span class='ocrx_word' id='word_1_191' title='bbox 335 3793 417 3867; x_wconf 81' lang='lat' dir='ltr'>cujus</span> <span class='ocrx_word' id='word_1_192' title='bbox 446 3795 568 3857; x_wconf 84' lang='lat' dir='ltr'>obscura</span> <span class='ocrx_word' id='word_1_193' title='bbox 593 3793 684 3857; x_wconf 89' lang='lat' dir='ltr'>dictio</span> <span class='ocrx_word' id='word_1_194' title='bbox 712 3795 765 3856; x_wconf 88' lang='lat' dir='ltr'>hac</span> <span class='ocrx_word' id='word_1_195' title='bbox 785 3794 1025 3858; x_wconf 83' lang='lat' dir='ltr'>animadversione</span> <span class='ocrx_word' id='word_1_196' title='bbox 1044 3799 1136 3860; x_wconf 86' lang='lat' dir='ltr'>lucen</span> <span class='ocrx_word' id='word_1_197' title='bbox 1155 3814 1197 3859; x_wconf 86' lang='lat' dir='ltr'>ac·</span> 
     </span>
     <span class='ocr_line' id='line_1_29' title="bbox 267 3900 349 3978; baseline 0 -16"><span class='ocrx_word' id='word_1_198' title='bbox 267 3900 349 3978; x_wconf 82' lang='lat' dir='ltr'>cipit.</span> 
     </span>
    </p>
   </div>
   <div class='ocr_carea' id='block_1_8' title="bbox 0 0 1258 4712">
    <p class='ocr_par' dir='ltr' id='par_1_10' title="bbox 0 0 1258 4712">
     <span class='ocr_line' id='line_1_30' title="bbox 0 0 1258 4712; baseline 0 4"><span class='ocrx_word' id='word_1_199' title='bbox 0 0 1258 4712; x_wconf 95' lang='lat' dir='ltr'> </span> 
     </span>
    </p>
   </div>
  </div>
 </body>
</html>
