2508 4712
232 340 372 412 vrrs
406 340 450 410 n.
490 339 823 416 susurrum.
925 347 990 436 ⁶77

55 525 120 615 ti,
150 529 383 612 constituisse3
417 527 518 614 igitur
539 530 710 614 utriusque
735 505 900 616 propositi
925 532 985 601 rite

63 646 251 732 perficiendi
262 645 478 712 seconsilium
495 644 715 728 rationemque
730 649 824 714 unice
839 649 857 713 i
874 647 989 716 Ruhn·
1016 725 1020 738 ⁸

60 760 165 828 lrenio
185 775 343 844 expetere.
393 759 456 826 Hic
484 774 573 828 tanta
596 761 725 848 juvenis
754 761 933 828 eruditione
956 775 989 830 et

63 873 265 942 humanitate
292 891 481 958 magnopere
505 875 664 959 laetatus,
697 875 725 943 el
746 894 805 943 nec
832 877 991 944 monendo

60 1005 123 1055 nec
152 988 296 1055 docendo
321 987 449 1069 defuit,
482 1007 643 1074 eumque,
674 1005 830 1077 quantum
858 989 994 1074 potuit,

67 1119 139 1170 non
155 1101 278 1168 destitit
293 1101 327 1168 in
345 1119 462 1169 rectam
484 1104 665 1173 studiorum
684 1104 767 1173 viam
788 1117 995 1186 convertere,

66 1215 212 1283 relictam
237 1215 277 1282 ab
299 1217 371 1304 ejus
395 1217 523 1286 civibus
553 1219 617 1286 boc
640 1221 790 1302 saeculo,
820 1221 998 1290 sedantes

66 1331 177 1398 tritam
202 1345 234 1398 ct
258 1330 516 1416 frequentatam,
541 1334 559 1399 ὲ
589 1350 652 1415 qua
677 1327 850 1420 Scaligeri,
875 1333 1000 1426 Cisau-
1073 1369 1081 1384 ·

76 1445 175 1527 boni,
198 1445 366 1530 Salmasii,
382 1446 523 1529 valesii,
541 1446 661 1530 aliique
678 1448 771 1514 multi
789 1447 999 1532 prodierunt,

64 1561 175 1641 quiet
198 1559 336 1627 Galliam
355 1573 387 1626 et
405 1561 507 1627 bonas
530 1559 657 1626 Literas
685 1562 900 1629 illustrarunt.
950 1561 996 1630 Et

67 1685 148 1740 vero
175 1671 210 1738 in
238 1673 308 1742 aliis
331 1673 482 1759 Europae
507 1675 692 1759 regionibus
715 1675 848 1762 juvenes
872 1673 998 1744 Liteta·

64 1803 142 1854 rum
167 1787 305 1855 studiosi
327 1790 510 1873 complures
535 1789 665 1855 excitati
689 1787 774 1856 fama
791 1807 827 1856 sc
850 1789 999 1857 doctrina

65 1901 276 1984 Ruhnkenii,
299 1921 334 1969 se
356 1904 396 1970 ad
421 1903 490 1988 ejus
515 1903 735 1971 auctoritatem
763 1905 994 1986 contulerunt3

62 2035 141 2086 nam
167 2017 249 2085 idem
270 2017 334 2084 boc
361 2031 487 2100 tempus
511 2031 543 2082 et
560 2013 779 2082 Villoisonum
799 2017 828 2083 ei
844 2015 997 2084 concilia.

60 2124 136 2212 vit,
158 2147 191 2196 et
209 2129 371 2196 Herelium
393 2129 688 2213 Noribergensem,
709 2144 741 2196 et
763 2129 993 2215 Hottingerum

59 2244 304 2327 Turicensem,
335 2241 590 2330 elegantissimae
620 2243 835 2314 adolescentes
870 2245 993 2314 doctri·

58 2378 147 2440 rrae,
180 2359 290 2424 multis
322 2357 356 2424 in
384 2355 552 2441 publicum
579 2357 718 2440 proditis
753 2358 988 2444 speciminibus

62 2475 176 2542 claros
196 2489 284 2538 nttnc
306 2471 407 2538 viros.
451 2449 647 2556 Huiusmodi
670 2471 857 2539 notitiarum
880 2472 993 2541 amici·

61 2591 252 2669 tiarumque
268 2583 355 2650 ultro
379 2583 558 2652 oblatarum
577 2585 719 2653 suavitas
737 2589 877 2654 multum
903 2587 992 2654 vale·

62 2705 124 2771 bat
141 2702 192 2784 fad
216 2687 392 2769 moerorem
416 2699 608 2764 domesticae
635 2699 845 2779 calamitatis,
877 2699 991 2767 subin·

62 2821 107 2886 de
130 2815 396 2893 revirescentes,
417 2809 573 2896 paulatim
599 2788 780 2882 sanandum‘
803 2823 836 2873 et
861 2811 993 2890 pesitus

64 2931 275 3000 abluendum.

116 3046 241 3112 Anulis
259 3059 400 3125 sequens
418 3057 522 3110 annus
545 3036 720 3127 (sup),
742 3047 867 3124 gratum
889 3037 997 3104 literr-

66 3177 120 3229 tac
135 3159 262 3229 civitati
284 3177 403 3226 munus
421 3157 517 3241 operi
537 3155 571 3222 in
588 3154 700 3238 primis
718 3152 917 3222 Ruhnkenii.
960 3152 999 3218 ln

67 3274 252 3348 Litersrum
270 3272 447 3342 sutoribus
464 3283 496 3337 et
511 3267 736 3352 interpretibus
754 3267 924 3336 Ciceronis
940 3263 1000 3348 qui

69 3388 206 3458 sucoso
223 3388 347 3458 decimo
365 3399 457 3455 sexto
477 3385 678 3464 floruerunt,
699 3399 849 3467 maguum
867 3391 918 3449 cst
940 3397 1001 3446 no·

68 3521 147 3574 men
173 3503 352 3574 sebastiani
370 3499 524 3583 corradi,
548 3517 622 3566 cum
646 3495 718 3564 aliis
741 3497 775 3563 in
796 3497 860 3562 boc
889 3511 1005 3578 genere

67 3617 226 3704 operibus
246 3619 349 3705 clari,
375 3619 450 3687 'tum
477 3615 561 3684 editt
586 3612 796 3700 Quaestum,
827 3609 938 3678 libello
967 3623 1000 3680 ct
1036 3621 1040 3630 ·

67 3731 308 3828 elegantissime
334 3734 481 3820 scripto,
504 3745 536 3798 ct
559 3731 600 3798 ad
624 3725 793 3796 Ciceronis
819 3723 1001 3810 intelligen-

78 3851 157 3918 tiam
179 3847 367 3919 utilissimo.
410 3849 520 3937 Hujus
541 3845 620 3912 duas
637 3861 713 3930 esse¹
722 3855 849 3930 partes,
871 3840 905 3914 in
924 3859 1003 3913 meu·

539 3957 656 4045 Vsa
921 3957 1003 4019 mm
