2506 4712
189 269 343 406 'turn
375 331 425 434 n.
462 325 801 406 nuuunnrun
907 353 987 450 ⁷⁶⁵:

39 527 123 613 gis,
148 519 278 590 alternis
297 519 395 586 modo
412 515 568 588 incitatus
584 517 623 584 ad
637 516 741 586 laudis
760 521 925 605 studium,
941 535 974 588 et

36 645 85 709 ad
114 639 272 724 agendum
300 633 429 718 quiduis
453 635 646 716 praeclarum
666 631 777 700 subito
802 634 974 719 involans,

33 756 147 822 modo
162 753 332 832 deiciens,
354 763 385 816 et
415 750 454 816 ad
470 765 594 816 ornnem
612 749 830 816 remissionem
852 751 978 817 lusum.

35 889 112 956 que
138 870 307 938 delabens:
331 869 408 934 alter
440 866 655 947 Thermum,
679 883 833 950 perpetuo
856 881 976 936 conatu

39 985 262 1072 aequabiliter
279 986 319 1053 ad
339 982 544 1068 propositum
560 983 688 1048 virtutis
707 983 800 1050 linem
819 1001 976 1068 pergens,

38 1120 101 1185 ct,
125 1099 225 1168 veluti
253 1101 357 1166 oleum
381 1099 504 1184 (73),
528 1097 627 1164 tacito
643 1098 864 1182 continuoque
883 1113 976 1184 motu

38 1220 119 1288 sine
135 1217 273 1300 strepitu
287 1214 403 1282 fluens.
448 1215 537 1296 Aut,
560 1215 660 1281 veluti
677 1215 830 1296 flumina,
848 1216 908 1284 alia
921 1219 976 1284 de·

37 1333 218 1400 bilitanrur
250 1328 507 1411 minuunturque
531 1339 762 1410 postestatem
789 1340 820 1392 et
845 1327 974 1394 siccita-

39 1465 137 1530 tem,
160 1462 198 1513 ut
214 1445 447 1528 propemodum
462 1441 630 1525 deliciunt,
646 1461 758 1510 rursus
771 1443 975 1510 invalescunt

44 1567 221 1648 ingruente
241 1561 353 1628 nimbo
371 1573 427 1624 aut
453 1557 572 1639 hicme,
595 1575 691 1640 supra
707 1571 821 1640 notas,
849 1571 885 1622 ut
899 1557 978 1624 Poi.

44 1695 85 1748 ta
108 1678 210 1764 (74)
232 1677 296 1759 ait,
320 1673 408 1758 ripas
433 1675 588 1756 aluntur,
610 1687 642 1739 et
661 1671 805 1756 proxima
830 1689 978 1756 quaeque

42 1801 124 1864 loca
150 1795 325 1862 inundante
348 1791 411 1861 alia
436 1789 606 1872 perennia,
628 1788 791 1855 constanti
807 1804 840 1855 ct
862 1803 978 1872 acqua.

47 1907 141 1986 bili,
164 1905 222 1972 aed
247 1903 371 1970 invicto
394 1919 522 1984 tamen,
544 1919 600 1986 per
619 1918 745 1968 omnem
764 1901 831 1970 aeti
853 1901 980 1968 diutur-

36 2021 211 2101 mitatem,
233 2031 338 2085 tractu
358 2015 522 2088 labuntur.
576 2017 663 2084 Huic
694 2019 843 2086 sedatiori
870 2020 979 2106 generi

51 2137 194 2208 similior
221 2133 296 2202 fuit
315 2133 503 2217 Ruhnkenii
527 2149 654 2202 natura.
697 2133 835 2207 Memini
858 2136 982 2206 meali-

53 2253 188 2336 quando
204 2249 303 2318 simili
319 2249 559 2334 conparatione
575 2249 660 2316 inter
673 2267 708 2318 sc
728 2249 876 2318 conferre
890 2253 974 2320 duos

50 2369 250 2448 Britannos,
281 2365 504 2434 Marklandum
530 2381 562 2430 et
585 2364 755 2450 Toupium
787 2368 909 2456 (75),
943 2380 979 2434 ut

49 2486 147 2560 illum
167 2483 309 2564 ratione,
329 2480 417 2546 lrunc
432 2479 584 2566 ingenio,
597 2479 752 2548 Criticam
770 2480 916 2550 iactitare
928 2482 981 2580 di?

50 2620 170 2672 cerem.
213 2598 301 2668 luter
323 2599 384 2668 hos
400 2599 538 2666 medium
557 2600 662 2668 tenuit
680 2600 919 2684 Rauranum,
940 2616 983 2674 ut

52 2720 93 2792 in
121 2735 179 2782 sua
208 2731 382 2794 utrumque
408 2713 561 2779 facultate
585 2733 652 2779 non
679 2717 776 2781 modo
800 2732 980 2803 aequaret,

52 2832 115 2900 sed
130 2839 308 2911 superarem
327 2823 449 2907 quippe
461 2825 588 2906 alteram¹
605 2824 790 2893 facultatem
803 2831 920 2914 altera,
934 2851 983 2900 ra·

49 2947 180 3012 tionem
199 2937 349 3024 ingenio,
364 2950 395 3004 et
411 2936 572 3022 ingenium
592 2935 737 3020 ratione,
752 2937 897 3010 vicissim
908 2959 983 3012 cor.

56 3057 229 3128 roborans.
277 3052 365 3120 Tota
390 3051 541 3135 Ernesti,
570 3053 718 3136 quamvls
746 3057 892 3141 egregia,
921 3061 981 3126 do.

41 3173 164 3242 ctrina
180 3170 281 3257 magia
292 3169 415 3237 ratione
432 3187 526 3253 quam
545 3167 674 3256 ingenio
694 3173 865 3256 constitit,
880 3175 982 3262 magis

55 3287 232 3382 judicando
259 3303 354 3370 quam
379 3285 570 3356 inveniendo
593 3303 762 3358 consumta
785 3303 855 3358 estc
877 3309 985 3362 emen.

932 3408 988 3476 da.

96 3573 193 3653 (73)
213 3576 294 3636 Plato
314 3576 488 3648 Theaeteto,
507 3590 617 3652 p0115.
637 3578 683 3638 Dt
703 3575 757 3642 rita
774 3577 877 3642 inira
892 3583 983 3661 lairen

61 3685 196 3759 ἀψοφητὶ
213 3687 334 3760 ῥέοντος.
410 3759 412 3766 Α
647 3729 651 3737 ι

102 3791 195 3870 (74)
218 3794 318 3858 llorat.
337 3794 432 3854 carm.
447 3791 511 3864 1v,
531 3811 567 3864 a.
587 3794 617 3854 6.

104 3896 197 3988 (γε)
217 3900 355 3965 Biblioth.
375 3903 448 3968 crit.
468 3897 579 4075 νοΙὲῙ.
610 3901 683 3964 Part.
702 3904 758 3971 111.
783 3923 815 3984 p.
831 3923 880 3984 ³9·
975 3979 981 3992 ·

562 4019 582 4068 ²
609 4017 631 4094 t
