2506 4712
248 245 318 354 po
423 235 1012 328 urrunsuurrurrnrrrr.
1129 319 1135 329 ,

257 457 328 518 rum
355 433 543 530 quondum
561 440 633 508 'fere
657 439 894 508 consuetudine
913 435 1106 516 familiaris,
1141 425 1200 504 Hs

256 563 421 647 Cuipers,
444 562 493 627 vir
519 569 595 628 cum
620 560 698 625 artis
725 555 882 636 scientie,
905 570 977 622 tum
999 554 1074 637 ejus
1095 551 1201 620 heti·

252 680 366 748 mure
381 675 514 745 rolerllr'
524 677 560 740 et‘
572 657 747 752 feliciore,
769 670 804 736 itt
821 669 935 753 primis
950 670 1109 734 celeber:
1135 689 1193 734 eu·

255 796 363 886 jus-in
379 792 618 861 dexteritate-re
631 787 796 872 diligentia
814 787 858 852 lta
878 785 1137 866 acquiescebat,
1161 801 1198 852 ut

255 909 415 978 medicum
435 906 535 973 alium
558 905 749 972 desideraret
765 901 947 980 neminem
967 913 1053 978 aut,
1077 900 1111 964 si
1126 898 1194 966 ior·

227 1055 232 1066 ·
255 1031 306 1106 te,
329 1025 392 1090 boc
412 1023 488 1106 ipso
509 1035 664 1101 auctore,
687 1023 721 1085 in
748 1017 932 1085 socierum
957 1017 1198 1084 cuntionisd

181 1219 189 1234 ,
253 1143 438 1225 adjungeret
466 1137 512 1204 N.
536 1136 582 1204 G.
606 1135 885 1220 Oesterdylrium,
903 1127 1097 1202 Medicinae
1114 1133 1193 1202 Pro·-

255 1257 432 1336 formem,
455 1254 668 1322 clarissimum
684 1252 847 1320 doctrinae
868 1252 953 1318 frma
972 1266 1004 1316 et
1025 1270 1096 1317 usu
1112 1253 1191 1318 artis

253 1373 385 1454 virum,
414 1369 533 1438 sibiet
561 1369 700 1454 collegio
726 1384 758 1434 et
784 1367 924 1434 amicitia
948 1367 1046 1432 valde
1072 1368 1194 1452 proba·

254 1503 346 1556 tumr
371 1487 432 1571 qui
445 1503 524 1554 tunc
537 1486 635 1570 item,
659 1500 695 1551 ut
712 1486 746 1551 in
763 1485 1116 1569 gravissimserussa,
1137 1504 1192 1550 so-

255 1606 331 1674 cius
347 1617 513 1672 assumtus
539 1620 606 1672 est«
649 1605 839 1680 Caeterum,
861 1600 997 1666 morbus
1025 1601 1194 1668 immabi·

257 1723 300 1791 lis
325 1724 370 1791 ita
400 1720 578 1790 tolerrbilis
601 1719 686 1802 fuit,
713 1733 749 1786 ut
769 1718 988 1784 llubnltenius
1006 1717 1040 1784 ei
1065 1717 1189 1784 smum

252 1841 476 1922 adsuesceret,
499 1857 558 1912 nec
589 1839 715 1921 ipsese
742 1845 798 1903 eut
825 1845 989 1918 aegrotare
1008 1851 1191 1916 magnope-

258 1975 316 2041 re,
336 1972 396 2024 'aut
421 1957 455 2024 in
472 1957 558 2022 vitre
574 1955 725 2038 periculo
740 1949 881 2031 versati,
904 1949 1055 2018 sentiret.
1099 1948 1187 2016 Nam

256 2079 407 2165 proximo
432 2093 590 2146 autumno
622 2075 795 2160 aliquoties
826 2087 977 2140 venatum
1011 2073 1111 2154 exiit,
1145 2087 1189 2138 ac

254 2191 366 2264 iosias
391 2195 491 2276 adeo,
524 2193 669 2278 pristino
691 2209 803 2274 more,
834 2188 1018 2257 transsiliit.
1073 2188 1189 2258 Hiems

253 2308 428 2392 deinceps,
452 2323 566 2392 pectus
587 2306 706 2393 frigore
733 2307 895 2388 efficiens,
923 2305 1013 2372 domi
1039 2324 1115 2372 eum
1139 2319 1187 2374 te·

252 2421 336 2490 nult.
384 2421 549 2502 Sequente
570 2438 692 2488 aestate
714 2423 876 2509 (¹l9ls)
898 2423 1039 2488 multum
1068 2441 1188 2489 merea·

254 2548 334 2615 rus,
357 2532 451 2616 pune
471 2533 533 2600 sibi
548 2536 758 2602 convaluisse
770 2538 965 2618 videbatur3
991 2553 1025 2604 ut
1040 2541 1081 2604 nd
1096 2549 1188 2606 rete:

252 2667 320 2719 rem
334 2649 416 2715 vitae
432 2649 698 2716 consuetudinem
718 2667 752 2715 se
766 2651 921 2732 referret,
934 2652 1080 2719 exeundo
1090 2701 1102 2734 ,
1114 2671 1184 2720 am·

254 2761 419 2846 tutando,
441 2765 582 2848 agendo:
607 2783 664 2848 per
687 2777 877 2832 autumnum
896 2766 994 2833 etiam
1018 2769 1185 2836 venadonl

253 2879 378 2964 rlirp'uid
394 2879 564 2961 tribueret,
588 2883 642 2946 sed
659 2881 825 2966 aliquanto
843 2883 952 2950 minus
971 2901 1073 2966 quam
1090 2905 1183 2968 supe·

251 3001 336 3068 riore
357 3011 455 3067 anno.
478 2998 511 3066 A
531 3001 724 3085 venatione,
739 3017 777 3069 ut
795 3003 932 3070 subinde
948 3005 1079 3075 solebat
1095 3008 1179 3090 lieri,

251 3116 432 3184 catarrhum
452 3117 587 3185 retulitt
602 3119 660 3201 qui
679 3133 770 3186 turm
789 3121 835 3188 nil
852 3121 964 3188 oberat
978 3123 1179 3206 valetudini,

249 3245 337 3302 nunc
354 3233 394 3302 ad
413 3233 589 3318 hydropem
605 3237 779 3318 accedens,
797 3237 976 3324 graviorem
994 3241 1031 3306 in
1049 3243 1178 3308 modum

250 3369 366 3440 pectus
388 3353 474 3425 tussi
492 3349 657 3426 efficiebat.
701 3357 777 3442 lpse
795 3358 842 3425 nil
863 3351 928 3428 nisi
957 3363 1079 3432 tussim
1096 3369 1114 3434 e
1133 3331 1179 3432 σιξ

249 3469 360 3538 rarrlro
388 3471 567 3554 prolectam
597 3471 768 3559 cogitans,
801 3471 938 3544 hiemem
975 3483 1068 3548 domi
1097 3499 1177 3552 trar-

249 3586 354 3668 qnillo
374 3603 404 3653 et
422 3587 514 3656 hilari
534 3591 641 3659 animo
657 3592 762 3679 degit,
780 3614 845 3662 non
866 3597 937 3664 sine
956 3597 1016 3682 spe
1032 3602 1176 3669 sanitatis

248 3701 315 3769 'rub
332 3721 464 3772 remum
484 3721 614 3792 tempus
631 3711 873 3795 recuperandae.
918 3714 1060 3798 Scripsit
1075 3719 1114 3783 ad
1131 3735 1173 3782 me

258 3823 320 3911 (d-¹
343 3833 385 3909 2³
402 3825 536 3914 Martii,
561 3833 704 3921 1798.)t
739 3877 762 3920 „
781 3833 1172 3906 tumultuosum

1105 3968 1164 4031 est,
