2348 4716
229 409 295 480 aas
368 395 542 472 onnnto
562 391 625 467 ott
647 381 1009 486 couJuNcrtortn

254 572 489 660 ‘Transeamus
514 589 554 656 sd
573 587 763 667 Romanos,
788 583 874 669 apud
896 601 982 668 quos
1004 581 1160 652 Philoso

226 701 325 787 phire
345 702 537 769 incrementa
563 699 677 767 iisdem
704 699 884 792 intervallis
901 699 1054 766 distincta
1069 700 1164 766 vide

228 818 351 888 bimus.
394 817 522 885 Etenim
548 836 622 883 cum
650 817 691 884 ab
709 815 802 883 Urbe
818 816 961 884 Condita
978 813 1174 884 continuu

227 933 306 1000 helii
325 949 549 1014 armorumque
564 931 720 1014 strepitus
738 929 849 999 Musis
868 931 995 1000 ominem
1011 933 1160 1016 praeclu

228 1051 328 1118 sisset
343 1047 491 1128 aditum,
508 1047 647 1134 primum
665 1044 785 1114 Livius
802 1047 1012 1117 Andronicus
1027 1046 1155 1116 fabula

228 1169 397 1250 docendo,
419 1183 499 1252 post
515 1165 688 1251 Naevius,
709 1166 843 1235 Plautus
860 1181 892 1234 et
908 1165 1065 1250 Ennius,
1092 1168 1162 1235 Ro

227 1301 398 1352 manorum
420 1281 621 1370 ingeniorum
649 1281 799 1348 duritiem
825 1281 1024 1350 carminibus
1049 1285 1163 1350 molli

226 1417 284 1481 rc,
315 1415 413 1481 eaque
436 1399 477 1465 ad
505 1395 698 1463 hilaritatem
732 1395 920 1478 traducere,
950 1409 1046 1477 atque
1076 1399 1174 1463 ade.

225 1513 458 1597 Philosophiae
487 1527 520 1579 ct
543 1512 628 1579 viam
658 1511 781 1579 munire
806 1525 837 1578 et
865 1511 966 1578 facem
997 1513 1174 1596 praefert

226 1643 414 1715 coeperunt.
472 1627 572 1718 Quod
596 1627 773 1696 clarissime
795 1629 919 1713 eluxit,
951 1643 1024 1693 cum
1051 1631 1157 1696 Ath-

227 1740 388 1811 rtiensium
408 1741 505 1827 legati
519 1741 719 1824 Carneades,
740 1743 903 1826 Diogenes
920 1756 951 1806 et
965 1739 1153 1811 Critolaus

226 1857 324 1924 trium
341 1854 573 1940 Philosophiae
604 1855 790 1923 scholarum
809 1854 995 1938 principes,
1015 1851 1133 1924 Roma
1147 1892 1166 1917 ·.

226 1975 406 2043 venisseut.
451 1974 596 2040 illenim
625 1991 700 2039 cum
724 1991 836 2057 magns
851 1973 1034 2058 eloquentia
1060 1995 1174 2044 stram

224 2103 374 2157 caussam
398 2088 432 2154 in
452 2087 572 2154 Senatu
601 2102 825 2171 perorassent,
858 2089 937 2155 adeo
963 2087 1050 2174 cepit
1077 2091 1150 2159 hae

226 2204 371 2274 stravius
387 2202 555 2272 Romanos
570 2207 729 2290 juvenes,
753 2221 791 2270 ut
813 2204 1041 2274 nobilissimus
1054 2207 1136 2290 ¹qui

226 2335 291 2404 que
316 2317 458 2387 maximo
482 2319 592 2386 studio
615 2321 668 2388 ad-
684 2339 741 2388 cos
765 2320 941 2388 audiendos
966 2321 1171 2410 advolaret,

224 2451 258 2504 et
281 2435 483 2504 haesitante
512 2453 623 2504 eorum
659 2439 791 2504 scholae
822 2439 1058 2504 celebrarentur
1093 2441 1173 2509 fre·

226 2551 439 2636 quentia,'ttt
467 2564 613 2621 metuens
635 2549 688 2617 M.
707 2550 844 2618 Porcina
872 2551 978 2631 Cato,
999 2569 1041 2616 nc
1061 2553 1171 2638 juve·

224 2687 323 2738 renes
346 2670 500 2754 paulatim
517 2689 535 2736 a
551 2670 670 2738 veteris
692 2667 885 2752 disciplinae
908 2667 1078 2738 severitate
1105 2673 1170 2740 de·

225 2787 423 2870 sciscerent,
449 2799 564 2854 auctor
588 2799 673 2852 esset
693 2781 847 2866 Senatui,
873 2798 911 2851 ut
929 2781 1170 2870 Philosophus

225 2903 363 2973 honeste
383 2904 519 2971 domum
544 2901 739 2985 remitteret,
761 2915 792 2970 et
814 2903 883 2987 lege
905 2901 971 2967 lata
987 2899 1112 2970 horum
1134 2919 1171 2972 et

225 3035 389 3089 oratorum
408 3019 539 3088 scholas
558 3019 637 3086 urhe
652 3016 851 3102 prohiberet.
895 3013 1036 3100 Verum,
1061 3038 1166 3104 spar-

225 3138 274 3204 sis
299 3135 397 3204 semel
422 3133 455 3202 in
479 3133 700 3202 Romanorum
726 3133 853 3219 ingenis
877 3133 931 3202 his
951 3133 1143 3205 seminibus
1153 3186 1170 3221 ,n

159 3283 164 3294 ·
225 3260 401 3334 generosos
434 3267 545 3319 cotum
579 3251 719 3335 impetus
745 3251 915 3336 reprimere
935 3251 1021 3318 haud
1043 3255 1169 3332 potuit

225 3365 308 3450 legis
333 3367 497 3451 iniquitas.
542 3366 630 3454 Quin
648 3365 752 3433 Laelii
775 3382 808 3435 et
831 3365 994 3451 Scipionis
1009 3371 1169 3438 auctori«

224 3489 291 3546 tate
311 3481 484 3548 restitutus
507 3493 556 3546 est
581 3497 662 3546 suus
685 3479 927 3566 Philosophiae
948 3479 1075 3566 honos,
1104 3503 1168 3553 nc·

226 3607 291 3676 que
312 3593 353 3659 ab
378 3611 417 3661 co
441 3610 585 3680 tempore
612 3605 757 3680 repertus
791 3612 843 3664 est
869 3596 963 3664 facile
982 3594 1168 3668 Romanus

226 3695 306 3788 quin
330 3707 430 3774 alicui
461 3709 736 3794 Philosophorum
767 3711 908 3781 familiae
935 3729 1053 3780 nomem
1081 3733 1167 3797 ope·

226 3839 359 3907 nmque
382 3826 502 3904 daret„
523 3826 698 3897 Mitttmus
725 3829 810 3912 alia,
832 3830 897 3900 hoc
918 3847 1021 3900 unum
1046 3830 1167 3898 obsera

996 3967 1166 4018 'm’
