2418 4718
286 286 352 376 est
441 269 702 358 staurano
721 307 769 360 rx
791 285 1015 364 smrrortr

1196 397 1197 444 t

287 491 444 550 nunna
490 495 542 544 eas
579 475 732 548 versioni
774 471 940 568 adjecisse.
1002 481 1128 550 Gaiiart
1154 491 1176 548 et

290 597 470 680 Othonem,
501 615 587 680 quos
612 595 735 678 priores
762 597 921 663 editiones
945 591 1119 665 Moraiiius
1137 599 1174 664 at·

286 715 421 800 junctos
448 713 647 794 habuerant,
668 712 801 795 omisit3
825 726 863 779 ut
885 715 949 799 jorn
977 713 1010 780 in
1028 712 1177 780 Letirair·

285 829 519 918 terpretttione
535 847 573 895 etr
589 828 774 895 Moralidus
794 831 834 896 ad
853 831 949 897 Vitat
965 851 1021 898 eos
1042 831 1177 897 transtule-

287 928 366 1018 rtt.'
394 947 515 1016 Graece
533 947 701 1014 Plutarchi
717 947 879 1032 scriptura
897 948 1087 1016 emendatior
1099 947 1177 1014 reddi·

285 1080 383 1138 tuest
401 1067 540 1148 receptis
557 1065 746 1132 melioribus
761 1057 959 1133 lectionibus
977 1063 1105 1145 multis,
1123 1081 1176 1130 tun

283 1184 433 1258 ecodite
455 1183 697 1272 Episcopiarro,
720 1199 789 1252 turn
813 1187 849 1252 in
870 1186 985 1268 primis
1002 1179 1181 1253 correctioni·w

284 1301 348 1369 hus
366 1299 592 1386 compluribus
610 1317 693 1384 qure
712 1303 777 1386 jtm
802 1300 838 1368 in
860 1300 1014 1367 versione
1037 1312 1180 1380 expressae

286 1430 402 1486 erant:
423 1413 653 1500 paucissimis,
675 1415 782 1499 iisque
800 1415 949 1497 levibus,
972 1417 1003 1482 in
1018 1407 1181 1479 mutationi·

283 1531 348 1598 bus
384 1545 460 1598 cum
495 1527 711 1615 stephaniam
734 1531 874 1599 editione
905 1530 1083 1600 consentit:
1108 1543 1181 1609 quas

281 1661 391 1713 utrum
406 1647 446 1712 ab
463 1644 518 1714 iile
534 1645 740 1729 assumserit,
764 1663 805 1713 tn
826 1667 865 1714 ex
883 1668 946 1714 suo
969 1650 1038 1731 ipse
1051 1654 1181 1730 apptrttu

280 1763 493 1848 expromserit
513 1778 792 1848 nutamus-tt,
821 1779 962 1830 statuere
985 1785 1052 1832 nou
1073 1761 1179 1830 ausin:

283 1879 495 1962 plurimarum
513 1895 601 1946 certe
618 1896 649 1948 et
667 1881 874 1947 maximarum
892 1899 975 1962 quae
990 1875 1180 1962 inexplendis

281 1997 409 2064 iternis
426 2011 618 2079 versantur,
640 1995 824 2082 eujusmodi
840 1987 1021 2080 permultae
1043 2007 1114 2062 suut
1129 1992 1180 2058 Ste-

277 2111 456 2200 plnniatrne
470 2115 664 2182 mutttiones
679 2114 712 2182 in
723 2115 933 2204 Symposiacis
939 2112 1178 2198 Quaerimus,

277 2229 436 2297 rationem
459 2230 581 2297 nullam
605 2228 732 2295 habuit.
774 2228 934 2310 Equidem
957 2229 1178 2312 Stephanionem

276 2344 450 2414 editionem
467 2347 711 2413 emendatiorem
727 2345 852 2429 ditam3
875 2345 1089 2430 Xyiandream
1103 2327 1197 2418 stnoi

276 2469 415 2549 riorem3
439 2465 599 2550 siquidem
631 2479 663 2533 et
687 2465 920 2534 emendationis
939 2469 1076 2537 nomine
1095 2462 1197 2549 appel-³

273 2577 455 2653 dereliceat
480 2595 593 2649 omnes
619 2581 815 2652 mutationes
840 2581 963 2665 quibus
994 2580 1182 2652 sententiaet

260 2700 383 2794 „oratio
403 2695 517 2764 meiior
533 2699 706 2781 aptiorque
720 2695 782 2779 iit,
804 2711 901 2778 qoem
920 2698 1110 2778 anterior,
1126 2707 1182 2761 nort

273 2835 326 2884 eas
343 2817 433 2884 soles
449 2813 572 2900 quibus
589 2813 661 2899 ipsa
678 2815 792 2882 minus
807 2829 840 2880 et
865 2814 1032 2900 scriptun
1047 2810 1181 2883 ductoris

270 2929 388 2997 idonea
417 2927 647 3014 probabilitate
666 2942 698 2994 et
719 2929 910 2996 auctoritate
935 2929 1132 3000 restituitur:
1156 2939 1181 2991 et

267 3051 435 3124 sincerum
453 3041 597 3112 dieamus
613 3063 679 3114 non
697 3043 804 3112 solum
821 3046 856 3113 id
873 3049 964 3129 quod
984 3048 1108 3120 itastis
1124 3063 1182 3129 par·

265 3161 358 3230 tibus
375 3173 505 3230 constat
521 3175 557 3226 ut
571 3162 611 3228 rb
630 3163 775 3229 Auctore
793 3160 976 3245 proiectum
999 3183 1070 3250 est,
1091 3162 1180 3232 sedil-

265 3279 325 3348 iud
351 3281 444 3348 etiarm
466 3279 500 3347 in
524 3297 615 3362 quo,
651 3295 849 3364 quamquam
875 3295 1062 3367 corrupto,
1090 3283 1134 3350 nil
1150 3275 1178 3344 ab

267 3397 392 3465 editore
407 3395 566 3465 motatum
586 3411 657 3478 est,
681 3395 914 3480 quumidonea
930 3399 1179 3482 probabilitate

263 3511 442 3580 ¹tuetoritas
459 3511 650 3580 mutetionis
667 3514 756 3578 nuile
775 3525 922 3582 ersnret.
968 3513 1082 3584 Habet
1097 3521 1181 3582 ttuen

263 3627 447 3712 Xyiandrea
464 3629 551 3698 itaud
569 3647 696 3713 pancos
716 3627 809 3697 iocos
827 3619 1038 3715 emendatos,
1059 3639 1178 3716 quotum

262 3754 359 3812 tetus
381 3739 529 3817 mendum
552 3745 684 3813 retinuit
705 3747 932 3831 Stephaniana.
954 3725 957 3734 ’

158 3955 163 3966 .
263 3871 268 3892 ¹
299 3859 436 3930 Biennio
465 3879 544 3948 post
566 3867 728 3950 vulgatam
749 3864 833 3952 hane
854 3867 1068 3954 Editioneur,
1092 3867 1181 3936 idest

1139 3993 1183 4044 rt·
