2470 4724
253 299 316 368 600
415 287 560 366 VITA
598 291 642 364 D.
679 293 1017 370 RUHNKENH.

256 481 441 568 grigentum
466 481 501 550 in
525 481 568 548 iia
592 479 721 548 edendis
745 483 797 550 vei
817 483 992 567 perfidiam.
1043 483 1173 567 Deque

221 571 228 590 ’
256 596 314 664 lite
326 611 363 662 ut
380 615 447 664 non
461 597 610 678 estquod
626 599 719 678 piurt
735 597 901 679 dicemus,
924 597 970 666 ite
994 597 1098 664 facere
1109 617 1172 666 non

261 727 442 796 possumus
465 711 543 794 quin
560 711 666 776 simile
681 713 846 796 negotium
862 729 935 778 cum
953 713 1008 780 ilia
1028 712 1174 780 Ruhnke-

260 823 309 893 nii
326 839 423 892 tetate
445 825 602 906 rebusque
619 826 830 909 conjunctum
858 843 1086 898 memoremus.

303 937 430 1004 Novum
456 935 616 1006 Herodoti
637 940 808 1009 editionem
834 941 1025 1028 instituebat
1053 941 1172 1011 Wesse·

255 1049 397 1136 impius,
420 1051 439 1118 i
462 1054 557 1138 eujus
582 1053 726 1122 doctrina
754 1072 828 1121 cum
856 1055 902 1122 nii
932 1055 998 1122 nisi
1023 1059 1175 1143 egregium

260 1179 516 1249 exspectaretur,
539 1181 608 1234 tunt
627 1170 666 1234 ad
680 1185 747 1234 oum
767 1169 799 1234 in
818 1171 883 1236 hoc
898 1187 995 1251 opere
1008 1173 1110 1237 veluti
1122 1191 1172 1236 eu·

257 1282 366 1348 mulus
392 1283 558 1350 accedebat
584 1279 785 1349 Valckenarii
815 1284 976 1352 doctrina.
1026 1284 1090 1352 Iam
1112 1285 1174 1351 fieri

257 1413 326 1462 non
345 1409 469 1477 poteret
497 1397 577 1480 quin
593 1397 627 1463 hi
646 1396 730 1479 viri,
752 1397 785 1464 in
807 1399 875 1480 pari
897 1397 966 1466 fere
989 1400 1172 1467 eruditionis

255 1509 434 1592 facultate,
464 1511 497 1578 in
525 1512 647 1576 easdem
673 1529 765 1594 saepe
787 1512 990 1596 sententies,
1018 1512 1170 1597 coniectu·

185 1651 189 1658 ·
258 1643 335 1708 rsa,
358 1625 531 1708 citatorum
547 1643 585 1692 ex
603 1625 678 1693 aliis
692 1627 912 1710 scriptoribus
930 1630 1077 1696 iocorum
1089 1647 1170 1697 men·

260 1741 389 1822 tiones,
411 1739 597 1810 inciderent.
644 1743 675 1810 A
695 1755 810 1808 neutro
837 1743 1072 1824 postulandum
1093 1759 1173 1826 eret,

258 1869 299 1923 ut
323 1873 380 1922 sua
406 1857 554 1938 inventa,
582 1856 728 1940 quamvis
755 1855 962 1939 communit,
987 1871 1091 1925 temen
1111 1858 1175 1942 ipse

262 1960 494 2054 supprimeret,
519 1969 675 2055 socioque
690 1969 755 2040 soii
770 1985 931 2054 tamquam
956 1974 1085 2056 proprie
1100 1992 1175 2039 ton.

261 2085 402 2150 eederet:
423 2085 571 2168 iniquum
590 2101 676 2168 erat,
687 2101 722 2154 ut
738 2090 818 2157 aiter
833 2090 991 2172 acciperet
1006 2087 1173 2168 auxilium,

259 2197 408 2282 iniquius
435 2200 527 2267 etiem
551 2202 691 2268 utalter
710 2215 899 2286 praestaret,
929 2219 1004 2268 eum
1027 2220 1082 2268 sue
1104 2201 1176 2285 ipse

261 2314 366 2380 laudis
390 2317 529 2400 iactura.
583 2317 685 2384 Edito
712 2318 815 2400 libro,
845 2332 934 2384 erant
966 2320 1045 2402 qui,
1071 2318 1176 2386 nescio

262 2431 365 2513 quid,
378 2433 418 2497 de
433 2429 652 2515 Wesseiingio
670 2433 931 2516 suspicarentur,
945 2451 983 2498 ae
997 2435 1029 2500 si
1045 2433 1073 2498 is
1087 2433 1175 2499 Vtic·

243 2545 426 2614 tenariam
455 2546 605 2628 quaedam
636 2548 698 2614 sibi
723 2551 955 2618 assumsissett
980 2549 1105 2632 quibus
1124 2567 1175 2618 su·

261 2664 487 2749 apicionibus,
510 2679 548 2731 ut
575 2662 658 2732 inira
680 2665 852 2750 utriusque
874 2664 995 2751 ingenii
1019 2667 1176 2750 animique

260 2781 510 2868 magnitudinem
534 2779 671 2863 positis,
702 2791 815 2846 neuter
840 2779 1043 2846 movebatur.
1085 2779 1174 2846 Vaic-

258 2894 408 2961 kentrius
429 2894 555 2978 quidem
583 2893 717 2960 moleste
742 2892 883 2975 ferebat,
905 2893 1009 2962 varim
1029 2895 1174 2962 codicum

259 3009 456 3094 scriptorum
492 3009 644 3078 lectiones
669 3008 934 3094 decsselingio
969 3029 1034 3078 non
1067 3029 1175 3080 secum

258 3130 365 3197 fuisse
391 3129 666 3212 communientes,
689 3149 771 3214 quas
793 3129 844 3211 si,
875 3147 951 3198 ante
976 3131 1176 3214 conscriptas

254 3263 332 3316 suas
347 3245 660 3329 animadversiones,
683 3245 869 3328 habuisset,
891 3265 999 3314 earum
1013 3267 1179 3332 comparu-

252 3361 342 3430 tione
358 3362 460 3428 multo
478 3362 584 3444 plures
598 3363 688 3428 locos
702 3359 910 3427 emendasset:
956 3363 1001 3428 Et
1016 3380 1093 3429 vero
1109 3377 1177 3428 tan·

256 3484 289 3541 tt
310 3489 375 3542 eret
401 3475 435 3542 in
457 3473 625 3542 Herodoto
650 3479 777 3540 criticae
805 3473 969 3542 facultatis
988 3480 1177 3546 exercendae

258 3591 388 3660 materia
407 3607 439 3659 et
463 3591 612 3671 ubertus,
634 3603 744 3656 tantus
770 3590 808 3658 ad
835 3595 1071 3658 excurrentium
1096 3611 1175 3659 cam·

187 3702 193 3712 '
253 3723 343 3792 pus,
364 3711 448 3775 unde
469 3725 600 3796 uterque
621 3689 710 3779 suem
733 3712 796 3779 sibi
813 3731 850 3778 ac
867 3715 1032 3796 propriam
1052 3716 1171 3780 laudem

201 3875 203 3878 -
246 3837 441 3912 reportaret:
453 3832 658 3918 praesertim,
669 3847 770 3916 quum
786 3828 821 3896 in
837 3829 906 3915 pari
924 3828 1096 3900 universae
1110 3847 1175 3896 eru·

1057 4021 1061 4028 .
1130 3942 1175 4009 o

1227 4063 1228 4090 i
