2562 4708
257 305 327 383 ro,
411 287 677 366 runnramo
695 315 743 366 rx
765 291 893 367 umor.
915 297 1039 374 nntt.

308 481 400 568 Ergo
421 491 547 548 tantum
568 481 680 564 abest,
702 495 741 548 ut
756 483 892 552 aiiotum
913 487 1083 561 lectionem
1104 493 1195 565 Scri·

261 613 398 688 ptorum
413 617 431 666 a
451 596 577 666 schoiis
591 597 787 681 repudiatam
803 601 922 683 veiim,
945 615 984 670 ut
998 623 1065 674 eam
1079 613 1192 693 potius

261 712 526 804 provectioribus
558 712 828 796 doctioribusque
853 733 1008 786 reservem
1043 738 1076 788 et
1100 745 1192 797 cona.

254 835 407 902 mendum
439 829 625 918 discipulis.
677 830 764 916 Quis
794 833 877 900 enim
903 836 1029 904 dubitet
1057 840 1093 907 in
1119 842 1188 911 iiiia

262 949 467 1034 Scriptorum
491 943 663 1031 generibus
691 964 841 1032 magnam.
870 968 942 1018 esse
968 958 1127 1024 materiam
1153 977 1189 1029 et

259 1063 538 1150 opportunitatem
560 1063 602 1130 ad
617 1060 820 1131 formandum
836 1069 980 1152 juveniie
996 1070 1187 1158 ingenium?

251 1181 350 1270 Quid
372 1177 565 1246 Oratoribus
600 1181 641 1246 ad
667 1179 775 1247 civilis
800 1184 1018 1268 cognitionem
1050 1192 1189 1260 rationis

259 1297 487 1378 fructuosius,
503 1298 545 1363 ad
561 1295 757 1366 excitandam
775 1300 909 1368 dicendi
919 1305 985 1370 vim
1003 1307 1187 1378 efficaciori

260 1431 319 1486 aut
352 1415 433 1499 quid
464 1414 567 1499 Lysia
602 1415 778 1498 subtilius,
807 1417 949 1488 isocrate
970 1425 1188 1512 concinnius,

257 1535 479 1607 Demosthene
496 1535 530 1601 in
546 1531 634 1598 omni
651 1551 765 1618 genem
779 1535 977 1618 perfectius?
1019 1537 1056 1607 in
1074 1541 1186 1613 Phiio-

256 1649 375 1736 sophis
401 1667 523 1732 porro,
555 1647 621 1713 duo
649 1647 729 1714 sunt
755 1648 857 1717 instar
883 1653 1047 1736 omnium,
1076 1658 1187 1728 Xeno·

254 1767 349 1854 piton
371 1782 403 1833 et
421 1764 532 1832 Piatot
558 1780 697 1846 quorum
724 1765 872 1846 copiast
892 1769 1051 1837 suavitate
1067 1773 1183 1841 Socra·

254 1885 323 1952 tici
347 1882 396 1950 nii
417 1881 551 1948 uberius
573 1881 613 1947 ad
638 1878 832 1963 optimarum
861 1897 965 1947 rerum
992 1883 1184 1973 scientiam,

257 2001 308 2072 nil
328 2002 367 2067 ad
389 1998 566 2066 disserendi
589 1996 774 2064 fatuitatem
795 1999 1071 2067 accommodatius
1089 2019 1188 2072 eaeo·

257 2115 352 2200 gitnri
372 2131 470 2196 posse
484 2112 623 2202 videtur.
668 2111 799 2200 Quibus
817 2112 948 2180 tertium
962 2117 1075 2184 addere
1092 2119 1187 2188 liceat

254 2235 462 2315 Lucianum‚
485 2233 579 2316 piane
593 2233 633 2299 ad
649 2233 790 2300 Atticam
806 2251 1006 2306 venustatem
1023 2255 1054 2306 et
1069 2241 1188 2312 Socra·

252 2351 351 2418 ticam
368 2349 504 2418 ironiam
521 2351 760 2436 compositum3
777 2351 832 2418 cui
849 2337 926 2435 quis
940 2357 1183 2438 anteponendus

148 2449 154 2460 ’
249 2479 304 2535 'est
337 2468 478 2534 ntiiitatc
502 2463 733 2534 admonitionis
756 2467 797 2532 ad
819 2465 1094 2534 animadvertenda
1118 2468 1182 2536 hu·

251 2584 338 2653 mani
368 2583 487 2670 ingenii
501 2582 581 2650 vitia
599 2581 773 2664 sedemque
795 2581 950 2648 vitandei
992 2581 1117 2666 Porro,
1139 2603 1183 2653 ne

250 2699 415 2768 Rhetores
444 2699 655 2781 omittamus,
682 2699 723 2764 ad
758 2697 917 2783 iudicium
948 2701 1078 2784 pulcri,
1106 2721 1183 2771 cen.

251 2836 357 2888 suram
381 2835 418 2883 ac
443 2813 647 2884 notationem
671 2811 877 2897 Auctorum,
908 2815 1062 2886 rationem
1089 2840 1183 2892 verae

132 2991 138 3016 r
251 2939 472 3026 eloquentiae,
493 2933 651 3004 luculenti
676 2953 752 3003 sanc
777 2951 855 3002 sunt
879 2935 1083 3021 Scriptores,
1107 2941 1184 3007 riri·

251 3059 411 3137 stoteies,
444 3053 691 3138 Hermogenes,
721 3051 862 3134 Theon,
894 3053 1095 3121 Demetriusz
1128 3053 1182 3121 in-

251 3171 503 3258 comparabilis,
536 3169 718 3255 Dionysius
752 3168 1064 3240 Halicarnassensist
1095 3171 1181 3240 divi·

251 3313 315 3368 nus
334 3293 446 3376 plane,
468 3287 655 3373 Longinus.

296 3413 424 3480 iiorunt
447 3405 593 3490 equidem
624 3405 850 3489 plerorumque
873 3403 1074 3487 Scriptorum
1098 3425 1182 3490 quae

250 3533 295 3602 sit
314 3531 366 3598 vis
382 3529 422 3596 ad
435 3530 590 3614 juvenum
607 3544 744 3608 sensus,
763 3524 904 3610 cognovi
921 3523 1046 3591 scholis
1059 3527 1181 3596 haben·

253 3651 319 3718 dis.
373 3647 442 3717 Alii
466 3645 666 3712 venementer
691 3641 932 3710 delectabantur
962 3639 1179 3728 Oratoribus,

252 3771 292 3837 td
314 3768 374 3836 alia
399 3781 511 3851 genera
534 3762 716 3850 frigebant:
737 3762 790 3828 aiii
812 3761 946 3830 mirifice
963 3760 1180 3852 ,capiebantur

252 3881 428 3962 Socraticis
444 3878 672 3970 sermonibus,
692 3865 889 3970 languebant
901 3880 942 3951 ad
960 3881 1022 3950 alia
1037 3880 1180 3962 scriptae

1093 3995 1179 4077 idun
