2470 4724
196 321 413 407 ulra-n·
452 319 789 408 RtiliNKiliili.
890 349 964 434 m

35 513 103 608 ipso
125 517 375 590 Hemsrsrbasio
400 532 433 585 et
456 517 703 606 Oudendorpior
755 521 860 592 Erant
890 531 954 599 alit

33 633 104 708 item
137 641 268 724 publica
295 637 431 705 ducendi
458 655 608 718 munera,
643 651 726 719 quac
755 637 974 714 Runnaenru·

32 758 169 824 subinde
190 755 389 824 offerrentun
439 755 558 821 Puerili
583 757 676 820 aetati
700 755 829 826 Latinis
854 756 954 830 Grae·

32 873 148 958 cisque
162 873 285 944 biteris
303 873 491 940 imbuendae
510 885 723 957 unaquaeque
738 872 830 958 fere,
853 879 953 960 paulo
1065 881 1067 892 '

31 1001 117 1052 certe
134 987 355 1069 frequentior,
377 991 411 1053 ln
439 987 570 1055 batavia
583 988 586 1002 ⁴
600 989 679 1057 urbs
704 989 800 1058 habet
824 1003 960 1076 gymno·

29 1101 137 1179 siunt,
162 1103 305 1168 scholam
329 1101 478 1168 Latinam
504 1105 607 1186 vulgo
629 1117 769 1189 vocant,
790 1108 845 1174 cui
865 1125 959 1191 prae·

27 1231 80 1282 cst
113 1217 260 1300 nector,
292 1215 353 1284 sub
388 1229 491 1301 eoque
527 1219 738 1302 Conrectnr,
768 1222 959 1306 plenamque

26 1331 122 1398 ctiam
145 1333 343 1417 Praeceptor
363 1349 401 1398 ac
426 1333 534 1415 plures
554 1333 632 1400 adeo
651 1332 802 1402 subinde.
847 1333 958 1407 Multa

23 1457 101 1512 sunt
124 1445 309 1512 Rectnrum
333 1463 485 1526 munera,
512 1463 595 1529 quae
615 1447 831 1516 luculentiore
854 1453 959 1521 reditu

28 1563 181 1628 fruantur
216 1563 381 1645 plerisque
409 1563 610 1630 Academicis
636 1561 816 1634 Litcrarum
849 1570 968 1636 cache,

31 1681 121 1748 drise
145 1681 203 1744 sed
219 1677 337 1745 babent
354 1679 535 1762 adjunctam
559 1681 780 1770 necessitatene
796 1685 971 1767 recipiam.

31 1798 154 1863 dorum
181 1794 214 1858 iu
240 1794 488 1862 contubernium
514 1811 546 1862 et
570 1795 758 1864 convictum
780 1799 970 1886 discipulos

30 1923 133 1990 tum,
150 1925 262 1975 eorum
283 1910 410 1990 quidem
428 1910 487 1994 qui
503 1911 635 1978 statutis
651 1911 895 1981 conditionibus
916 1916 971 1984 utl

31 2027 157 2110 relint5
184 2025 270 2092 unde
294 2025 427 2092 Rectnrl
449 2025 512 2092 alia
535 2027 662 2094 exsistit
679 2029 878 2112 necessitas,
900 2043 966 2100 tuas

32 2142 205 2223 tricundii,
223 2141 274 2208 trel
289 2155 373 2208 certe
388 2141 591 2220 instruendae
606 2141 798 2224 almdaeque
812 2141 964 2216 familiae

34 2263 258 2330 Conrectnrcs
287 2277 324 2326 ac
348 2259 571 2342 Praeceptures
590 2260 697 2325 minus
720 2258 848 2342 quidem
866 2273 980 2342 quaeq

34 2392 149 2448 stunaa
171 2391 255 2446 suut
271 2377 478 2459 conditione,
501 2389 534 2444 at
558 2393 625 2444 nun
644 2377 796 2444 obstricti
818 2377 887 2446 illis
909 2393 969 2452 uer

36 2498 247 2566 cessitatlbus
272 2496 460 2566 solutionem
484 2495 606 2564 babent
626 2495 666 2564 ad
684 2495 745 2564 alia
759 2497 890 2582 negntb
914 2515 966 2564 ra·

36 2615 179 2699 tionem,
204 2629 240 2682 ct
264 2615 339 2698 plus
361 2613 420 2681 otii
439 2615 479 2681 nd
502 2631 560 2680 sua
577 2612 640 2680 sibi
656 2609 837 2680 Literarunr
860 2613 987 2684 studia¹

35 2736 182 2805 colenda.
227 2731 316 2798 Sane
340 2731 534 2798 scholastica
558 2727 615 2796 illa
646 2727 824 2812 magisteria
847 2723 973 2817 futuris

37 2853 123 2920 nun
141 2848 399 2921 professoribus
415 2861 490 2912 curn
509 2825 769 2912 honestissimam¹
784 2853 975 2924 exspecten-

36 2971 68 3036 di
88 2969 291 3047 stationem,
314 2978 384 3029 turn
406 2961 556 3028 idoneum
575 2955 767 3026 instituendi
783 2945 970 3026 tirocinium

37 3099 69 3150 ct
90 3087 275 3170 praebent,
307 3095 337 3146 et
366 3096 460 3163 saepe
488 3078 715 3162 praebuerunt.
771 3067 970 3159 Huiusmodi

38 3204 83 3270 nil
103 3204 264 3288 placebat
280 3193 491 3264 Ruhnkenin.
539 3191 688 3262 Placebat
709 3189 838 3273 adhuc,
861 3197 899 3256 ut
917 3207 975 3258 an·

39 3329 105 3402 tea,
135 3314 323 3405 singularis
347 3301 553 3396 ipraelectura
583 3309 796 3377 adulescentis
830 3317 974 3390 quocum

40 3429 195 3520 Lugduni
212 3446 275 3500 aut
295 3425 328 3497 in
344 3427 470 3497 ricinia
480 3429 626 3511 degerett
651 3443 718 3510 quo
736 3425 888 3511 majorem
903 3417 977 3494 ada·

41 3554 118 3622 undl
144 3547 392 3620 Hemstcrbusii
418 3545 470 3612 sul
490 3545 739 3634 facilioremque
763 3545 890 3632 cnpinnr
918 3541 976 3614 hta

43 3661 141 3736 beret.
189 3667 383 3747 Praeterea,
407 3680 476 3747 quo
492 3661 601 3730 miuus
617 3679 652 3728 se
668 3659 779 3729 stabili
793 3663 915 3732 muneri
931 3657 979 3734 ai·

42 3781 173 3868 ligaret,
198 3784 283 3848 baec
307 3781 401 3848 etiam
430 3779 598 3846 accedebat
622 3795 766 3862 caussa,
786 3781 875 3862 quod
896 3777 979 3850 mira

42 3888 163 3971 dudum
180 3897 409 3988 peregrinandi
427 3897 587 3986 cupiditas
606 3915 678 3966 eum
695 3913 820 3982 ceperat
837 3902 979 3966 lustran-

51 4006 55 4015 '
516 4009 574 4080 Oe
605 4034 627 4081 a
923 4009 987 4082 dea
