2418 4718
493 1 511 47 N

124 307 393 414 commem
408 312 684 386 moturum.
708 311 785 388 vu.
804 317 834 384 r.
887 329 958 404 po

16 525 86 588 reo,
100 514 133 574 et
150 519 283 592 tppcret
298 503 413 570 multia
429 507 467 568 e'x
485 501 578 574 locis.
604 493 717 570 Variae
726 493 879 582 lectiones
899 505 944 571 il·¹

15 625 118 690 lorum
134 621 295 688 librorum
314 617 712 704 perquumeuntmendose
724 635 888 702 expressae
903 621 938 688 iu

14 736 41 806 F
42 733 277 804 rancoiurtano
302 731 364 796 hoc
382 732 509 799 lodice:
528 729 681 798 lectiones
704 735 860 816 plurimae
878 753 949 800 ecem

13 871 79 936 que
98 844 597 934 graviorismomeutimmissee.
621 845 806 930 Utrumque
819 849 945 916 intelle·

14 969 46 1032 xl
60 959 463 1044 comparationelibrorum
483 980 591 1030 eorum
602 1007 615 1044 ‚
626 980 762 1044 quorum
777 960 857 1028 mihi
874 963 947 1028 ade·

11 1097 64 1150 rot
87 1077 204 1160 copie,
221 1073 357 1156 Aldini,
376 1073 589 1158 Basilcemr’s,
611 1075 818 1146 Tur-neblani.
851 1074 945 1144 Mul·

13 1195 62 1258 tis
78 1191 170 1258 etium
188 1188 268 1255 iocis
286 1192 547 1278 omissceptnota
562 1191 664 1256 libric
679 1209 745 1274 quo
754 1191 849 1258 lectio
858 1190 942 1276 peti·

15 1319 53 1374 ta
72 1319 133 1370 est.
158 1301 348 1370 Basilecnsc's
365 1293 446 1370 liber
464 1321 512 1372 cst
529 1303 628 1372 editio
651 1305 725 1372 anni
744 1321 845 1390 15423
869 1323 949 1390 num

14 1419 193 1489 secundum
222 1417 458 1499 Bceileensem,
489 1421 521 1486 id
547 1435 618 1500 est,
642 1421 853 1505 Xylatrdream
871 1419 948 1488 tnui

19 1553 101 1621 1524
117 1533 288 1618 ignorasse
306 1533 454 1600 videntur
468 1534 632 1602 Editores.
676 1536 727 1602 De
741 1535 946 1602 Turncbc'auo

19 1645 102 1716 libro
116 1665 220 1730 supro
236 1647 393 1730 exposui;
413 1647 511 1733 hujus
528 1650 684 1718 lectiones
704 1651 743 1717 ab
754 1650 952 1717 Aldinadic·

24 1765 222 1842 sentientes,
245 1779 327 1842 quus
350 1782 614 1832 operuimus
629 1765 692 1850 jam
711 1766 744 1832 in
764 1779 952 1834 contextum

22 1889 201 1961 receperat,
225 1873 259 1940 in
276 1877 340 1942 lroc
353 1875 462 1945 Indice
483 1879 620 1946 omissae
632 1896 728 1948 tunt:
744 1880 816 1946 illue
828 1895 954 1950 tautum

26 2013 99 2078 quat
124 2009 400 2082 sreruouus
425 2013 490 2062 non
515 2010 697 2086 receperat,
721 2009 957 2070 memorantur,

27 2107 157 2176 omissis
183 2121 289 2174 tameo
310 2121 343 2173 et
369 2109 478 2176 lterum
500 2112 662 2196 plurimis.
708 2109 954 2196 Bongarsc'anus

25 2223 117 2292 habe:
129 2216 187 2290 illc
205 2221 334 2304 quidem
361 2224 465 2294 bonas
482 2226 660 2308 lectiones,
683 2228 741 2294 scd
754 2223 957 2293 consenticu-

28 2339 147 2406 tcslere
162 2357 232 2407 cum
243 2339 376 2422 reliquis
384 2342 552 2409 codicibus
568 2341 665 2427 hujus
681 2339 823 2425 Indicie;
840 2342 959 2434 utnulg

27 2455 57 2521 la
72 2457 139 2543 ejus
157 2454 293 2540 propria
311 2473 347 2522 rc
363 2456 532 2538 peculiaris
549 2457 703 2524 censendo
722 2456 765 2524 cit
783 2457 856 2525 doe.
879 2453 960 2526 Nisi

33 2569 142 2638 trouu
159 2569 314 2654 oppositu
328 2585 412 2637 esset
432 2571 626 2639 lectionibus
644 2572 747 2638 multo
762 2572 902 2654 plurium
918 2570 958 2636 li·

30 2686 185 2754 bellorum
213 2683 395 2752 Moralium
414 2705 508 2768 quum
523 2703 603 2762 ‚octo
619 2705 727 2752 eorum
748 2686 805 2768 qui
825 2701 904 2752 sunt
924 2685 961 2760 im

36 2798 235 2869 Bibliotheca
259 2797 437 2880 Berncusi,
469 2800 504 2867 in
530 2819 625 2883 quam
650 2799 725 2866 libri
753 2797 963 2883 Bongtrsiani

38 2933 263 3000 pervenerunt,
273 2917 406 2984 dicerem
420 2916 524 2982 erdem
545 2933 615 2982 esse
631 2912 772 2996 exempla
787 2928 819 2979 et
830 2913 966 2980 Beruen-

39 3031 81 3098 sia
101 3050 130 3101 ct
154 3021 403 3104 Francofurtani
430 3029 562 3098 indicit.
608 3027 670 3094 Sed
691 3028 753 3095 lroc
781 3013 966 3113 cujusmodi¹

40 3146 99 3228 tit,
118 3149 286 3234 exquirere
308 3139 354 3216 nil
375 3144 507 3228 attine13
541 3143 669 3228 quando
696 3142 821 3226 plenior
847 3133 902 3212 ille
934 3157 965 3212 ct

42 3262 270 3345 elegentissime
294 3262 433 3343 scriptus
456 3239 556 3326 code'x
573 3258 659 3326 houd
683 3243 843 3340 peculiare
860 3271 967 3330 emen·

42 3373 172 3445 dationis
186 3393 387 3447 momentum
406 3376 527 3444 attulit.
955 3359 962 3368 ²

85 3487 299 3562 Vulcoblanus
313 3510 372 3560 nec
394 3492 485 3573 ipse,
507 3509 565 3558 nec
583 3481 652 3576 ejus
669 3483 844 3572 dominus,
867 3489 971 3562 aliun·

43 3603 80 3672 de
103 3611 176 3678 milri
202 3628 304 3694 quam
340 3625 380 3672 ex
404 3607 462 3672 hac
490 3595 646 3674 Editioue
673 3601 838 3676 innotuit:
870 3611 974 3678 vcdce

43 3719 107 3804 tius
137 3725 296 3792 lectiones
331 3723 495 3791 maximum
525 3737 644 3805 partem
670 3741 743 3792 cum
774 3721 976 3808 jannotlanie

44 3839 272 3924 consentiunt,
297 3853 329 3910 et
353 3838 392 3904 ab
417 3838 527 3906 iisdem
549 3835 697 3904 fontibus
714 3816 855 3910 manasse
871 3840 979 3906 viden·

532 3953 581 4020 Cc
916 3960 982 4018 tur·
