2470 4724
204 319 337 400 atta
374 327 419 398 o.
461 313 790 398 nonntrnn.
900 327 967 420 aas

7 577 9 588 ,
45 525 172 591 nonum
193 515 381 598 elegantiam
401 511 548 593 referret,
571 512 611 578 ad
628 527 754 609 ornnem
770 512 965 586 vitaturum

42 635 332 714 conditionemque
347 629 620 709 accommodaret,
643 641 681 694 et·
690 627 854 696 Socratica
870 633 967 700 ratiu-

43 770 85 821 ne
101 749 291 836 popularem
309 744 463 810 redderet.
506 741 581 807 Hoc
599 741 737 824 quinon
753 757 876 828 ageret,
898 747 968 814 siue

46 885 151 937 sensu
166 863 354 952 judicioque
370 858 482 943 pulcri
492 857 618 924 Literas
630 872 801 940 tractaret,
815 859 886 943 ipse
899 859 973 944 pin.

39 981 119 1068 guis
143 991 339 1058 crassusque
364 973 398 1038 iu
425 972 555 1038 scholae
582 971 693 1038 umbra
716 989 752 1039 se
776 973 970 1044 mirantibus

42 1096 181 1180 jactaret
199 1086 393 1171 discipulis,
417 1103 592 1168 eorumque
615 1085 733 1168 plausu
749 1087 878 1154 inflatus
896 1088 973 1156 bea·

43 1215 117 1272 tum
133 1221 170 1273 ae
195 1218 227 1270 et
251 1203 358 1272 solum
386 1219 496 1284 sapere
516 1215 664 1285 putaret,
692 1202 779 1268 huuc
802 1203 968 1274 doctorem

42 1319 263 1387 umbraticum
284 1317 494 1404 intelligebata
540 1317 584 1384 Et
603 1291 972 1403 argumentum'Oratio·

42 1439 97 1508 nis
111 1437 312 1522 congruebat
327 1433 506 1502 Litcrarum
525 1433 744 1528 professionie
767 1451 798 1502 ct
819 1437 967 1504 tractatio

42 1555 141 1638 plane
161 1549 381 1618 satisfaciebat
408 1549 622 1634 Eloquentiae
646 1550 790 1632 muneri,
812 1570 885 1618 cunt
903 1529 972 1638 ger·

44 1683 143 1732 urana
162 1661 349 1731 Latinitatis
377 1663 522 1745 ratione,
544 1679 614 1731 turn
639 1680 711 1748 apta
732 1667 975 1753 descriptione,

44 1798 120 1850 tuan
145 1783 392 1868 perspicuitate,
426 1781 610 1865 suavitate,
640 1785 813 1869 gravitate:
842 1800 873 1852 et
896 1793 970 1855 'vead

45 1902 133 1968 adeo
148 1913 212 1967 erat
224 1899 338 1966 festiva
353 1911 389 1964 et*
396 1899 489 1982 quasi
505 1900 616 1967 Attico
630 1903 697 1968 sale
707 1877 891 1986 perspetsa,
905 1919 970 1973 tam

42 2017 203 2100 frequens
228 2013 413 2082 facetiarum
433 2015 620 2098 leporibus,
644 2031 681 2081 ut
698 2031 730 2082 et
746 2019 866 2084 attente
882 2021 972 2086 audi·

41 2147 157 2214 retur,
178 2145 211 2197 et
235 2132 353 2214 cupide
377 2133 556 2215 legeretur,
588 2131 795 2214 omniumque
820 2134 969 2200 manibus

42 2249 321 2330 frequentaretur.
368 2247 431 2313 Sed
455 2247 560 2313 eadem
581 2249 753 2314 multorum
772 2248 805 2316 in
823 2237 975 2319 offensio.-

42 2385 120 2435 nem
139 2367 314 2447 odiumque
335 2365 489 2446 incurrit,
505 2367 708 2450 multumque
723 2365 917 2434 Ruhnkcnio
929 2367 977 2434 in·

44 2481 155 2551 vidiae
179 2478 312 2562 peperit.
356 2477 458 2544 Erant
475 2477 532 2560 qui
549 2477 690 2544 doctoris
709 2478 877 2546 umbratici
895 2481 974 2550 ima·

47 2599 169 2684 ginetn-
184 2613 223 2662 ex
245 2593 390 2675 ipsorum
422 2595 566 2677 exemplo
584 2595 734 2676 ductam,
765 2613 801 2662 se
819 2595 972 2682 depingi,

48 2708 251 2794 significari,
276 2725 308 2777 et
336 2711 430 2794 quasi
453 2710 556 2794 digito
582 2710 791 2776 demonstrati
808 2725 974 2791 putarent:

49 2839 145 2892 aratu
162 2825 311 2892 nonnulli
328 2824 515 2892 scholarum
534 2823 691 2889 Rectores
714 2823 771 2904 qui
786 2825 850 2890 hoc
867 2839 898 2890 et
914 2825 979 2908 ipsi

48 2953 228 3025 putarent,
250 2955 282 3006 et
296 2941 370 3006 aliis
387 2939 575 3006 bominibus
590 2939 795 3006 scholasticis
815 2945 980 3024 persuade·

51 3071 151 3138 rent,
172 3074 268 3123 suum
293 3055 379 3124 ritae
402 3073 503 3140 genus
520 3073 557 3121 ac
576 3073 693 3121 monus
710 3055 743 3120 in
762 3055 817 3121 iila
833 3056 977 3124 oratione

51 3171 152 3240 rideri
166 3189 203 3238 ac
219 3171 320 3250 veluti
335 3171 368 3238 in
385 3187 480 3237 scuta
497 3169 620 3236 traduci
638 3170 657 3235 l
674 3168 893 3251 Rubnlteuio,
915 3169 980 3240 sibi
1025 3199 1030 3209 ·

52 3291 202 3375 plrcentc
224 3285 316 3369 quod
337 3303 513 3370 numquam
528 3284 561 3352 in
576 3285 721 3370 ipsorum
739 3287 852 3355 ordine
869 3301 900 3354 et
918 3289 980 3355 ob.

53 3405 237 3489 scuritate,
259 3425 384 3489 semper
398 3406 434 3474 in
452 3407 681 3492 elegantiorunt
707 3407 873 3476 hominum
890 3409 980 3494 prin·

54 3525 236 3610 cipumquc
252 3524 394 3590 virorum
412 3521 645 3590 consuetudine
660 3535 692 3588 et
707 3522 909 3606 celebritate,
932 3527 983 3595 vl·

58 3641 179 3712 risset.
224 3637 327 3721 Atqui
351 3637 565 3706 Ruhnkenius
582 3641 746 3706 doctotetu
765 3642 981 3712 umbraticum

56 3752 257 3839 intelligebat
275 3752 422 3820 universe
438 3771 535 3834 eum,
557 3753 613 3837 qui
631 3753 721 3835 illis,
745 3735 783 3820 de
799 3759 917 3840 quibus
932 3761 982 3828 di.

60 3867 190 3954 rimus,
213 3865 344 3953 ineptiis
362 3867 540 3952 laboraret,
556 3883 614 3934 uec
632 3867 766 3938 scholae
780 3874 893 3958 potius
909 3873 983 3944 Ma·
1083 3863 1092 3884 '
