2572 4710
251 288 314 358 150
372 265 547 342 ORATIO
568 268 629 338 DE
650 267 824 346 Pullos,
846 272 1060 362 brunam.

253 455 444 542 praestitit,
481 468 515 522 et
549 455 715 524 historiam
749 458 827 544 ¹ejus
860 464 1089 550 conscripsit,
1121 487 1199 554 qun

255 589 381 642 omnem
401 572 442 638 ab
460 591 499 640 eo
516 571 713 642 crudelitatis
735 574 968 659 superbiaeque
989 578 1093 648 labem
1113 581 1203 652 abs-

259 703 418 776 tergeret,
441 706 554 761 contra
571 692 693 760 laudem
710 691 740 758 ei
756 692 966 768 humanitatis
986 696 1202 772 clementiae·-

258 823 325 888 que
354 806 494 880 adderet.
541 803 586 872 Et
619 820 723 874 tamen
758 805 971 881 Thucididem
1000 809 1199 890 imitabatur

256 919 444 990 Philistus?
486 916 651 990 Nimirum
675 918 783 988 verbis
801 937 833 987 et
850 923 1019 1009 oratioue,
1042 927 1202 1008 quando·

256 1033 385 1117 quidem
410 1033 561 1105 sensibus
587 1045 619 1100 et
645 1031 783 1104 consilio
800 1029 933 1124 'similis
970 1037 999 1103 ei
1029 1037 1099 1106 lieri
1124 1059 1201 1118 non

253 1164 391 1236 poterat.
450 1147 539 1235 Quid
565 1145 665 1231 igitur
696 1147 782 1220 inter
808 1164 983 1232 utrumque
1012 1151 1201 1226 interfuit?

254 1265 355 1346 Hoc,
387 1261 560 1350 prolecto,
590 1280 627 1328 ut
652 1261 864 1348 Thucydides
892 1282 979 1336 esset
1002 1285 1107 1336 rerum
1136 1287 1202 1354 ge-

258 1391 383 1454 starum
407 1394 568 1457 enarrator
584 1397 703 1460 uerus,
727 1379 859 1464 gravis,
881 1381 1044 1466 prudens,
1066 1385 1203 1472 magni.

256 1505 367 1586 ficus,
387 1499 544 1569 libertatis
567 1497 758 1574 studiosus:
796 1497 954 1572 Philistus
969 1501 1115 1571 ueritatis
1133 1504 1202 1572 ob,

264 1631 436 1698 scutator,
453 1613 634 1700 fabularum
652 1611 787 1698 opifer.
802 1611 910 1698 vafer,
926 1631 1087 1702 argutus,
1107 1618 1202 1694 baud

261 1733 427 1818 inelegans
447 1730 574 1814 quidem
599 1729 675 1812 ille,
698 1729 860 1808 sedidem
882 1731 982 1804 animi
1007 1734 1104 1818 vilis,
1126 1735 1203 1804 for·

262 1865 362 1921 tunae
395 1862 563 1936 captator,
599 1863 811 1934 tyrannorum
846 1849 1008 1922 adulator.
1067 1853 1203 1940 Igitur,

263 1982 366 2053 quum
384 1983 497 2034 natura
511 1979 544 2032 et
565 1963 695 2052 ingenio
718 1963 925 2050 Thucydidis
941 1967 1199 2054 magnitudinem

264 2087 397 2172 assequi
413 2105 481 2154 non
505 2102 644 2170 posset,
666 2099 733 2152 arte
750 2099 783 2151 et
801 2086 985 2170 praestigiis
1008 2089 1200 2178 nitebatur,

262 2219 302 2276 ac
334 2199 558 2286 'shucytiideis
593 2199 700 2271 verbis
729 2199 997 2282 dictionibusque
1032 2220 1069 2272 se
1100 2208 1201 2286 quasi

263 2317 434 2388 vestiebat.
477 2315 571 2411 Quae
587 2315 715 2400 quidem
738 2312 905 2390 uerissima
932 2331 981 2390 est
1005 2337 1119 2392 caussa
1136 2341 1203 2388 cur

263 2451 337 2508 eum
355 2433 473 2502 Cicero
490 2430 645 2517 pusillum
665 2427 891 2514 Thucydidem
915 2430 1090 2508 vocaverit.
1133 2433 1202 2502 At.

265 2571 332 2638 que
352 2551 415 2618 hoc
441 2548 613 2631 exemplo,
643 2543 737 2626 Vos,
760 2545 901 2630 Juvenes
927 2544 1201 2620 commilitones.

267 2675 332 2750 que
347 2661 558 2748 suavissimi,
581 2659 718 2738 discatis
735 2655 815 2741 quid
838 2659 882 2726 sit
904 2657 1073 2744 Antiquos
1091 2665 1202 2738 imita.

243 2807 247 2818 ·
269 2785 320 2868 ῆς
344 2798 447 2864 neque
463 2779 571 2852 Vobis
588 2781 696 2865 pulcri
713 2774 864 2862 beatique
880 2777 1199 2868 videamini,‚quurn

269 2899 445 2969 orationem
457 2897 605 2962 Vestram
621 2894 824 2964 dictionibus
839 2895 1095 2984 coloribusque,
1109 2903 1203 2972 verbi

177 3015 183 3024 “
272 3031 407 3094 caussa,
430 3011 654 3089 Ciceronianis
672 3011 878 3085 ornaveritis.
924 3011 1009 3079 Nam
1039 3016 1067 3080 si
1094 3017 1200 3083 Phili,

272 3149 346 3200 stus
364 3127 597 3208 Thucididem,
612 3127 757 3200 Graecus
768 3128 954 3215 Graecum,
973 3134 1116 3220 aequalis
1131 3130 1200 3211 fere

273 3249 460 3329 aequalem,
482 3244 643 3324 scribendi
661 3247 781 3312 virtute
806 3263 942 3328 aequare
968 3267 1035 3316 non
1064 3253 1197 3340 potuita

274 3363 442 3446 quomodo
466 3354 550 3442 nos,
581 3374 631 3429 tot
656 3358 792 3428 millium
817 3379 975 3438 annorum
1004 3361 1199 3454 intervallo,

271 3480 336 3550 alia
352 3495 462 3566 gente,
474 3479 533 3544 alia
551 3477 661 3562 lingna
677 3476 743 3544 nati
754 3524 767 3560 ,
778 3477 924 3544 heroicas
942 3477 1016 3548 illas
1034 3479 1200 3566 Antiquos

274 3611 343 3661 rum
363 3593 397 3659 in
415 3589 552 3660 dicendo
566 3591 802 3676 scribendoque
821 3593 930 3662 laudes
946 3599 1199 3679 consequamur?

274 3705 315 3787 iu
330 3712 449 3784 uentis
466 3707 680 3786 summitatem
699 3709 803 3786 ueloci
819 3711 921 3806 gradu
939 3713 1073 3790 enititur
1089 3715 1211 3818 vigea..
