2572 4710
281 283 609 384 Pllmosoiffiss
624 285 845 367 laodicen.
941 309 1027 398 ‘ars

104 478 186 566 aoid
208 489 277 560 ert,
300 477 381 561 quin
404 477 446 550 ad
468 495 577 548 eorum
593 474 707 562 potius
723 498 787 551 noa
801 479 1025 590 auctoritatem

98 591 330 674 .confcranus,
352 609 448 676 quern
460 587 682 676 imperitorum
699 594 836 660 istorum
852 597 1025 682 elegantiae

104 701 305 784 laudatoium
332 713 464 781 voculis
492 714 859 799 reprehutsionibusque
881 701 1025 812 commo}

97 837 258 907 reamur?
356 901 365 920 ,

145 961 215 1030 Alii
248 975 350 1045 sunt,
380 977 518 1046 qnorum
540 960 698 1048 juditium
720 963 832 1031 nescio
854 977 897 1032 an
923 961 1031 1048 nagia

105 1079 279 1147 verendum
302 1077 367 1162 ait,
389 1079 518 1148 minime
536 1078 585 1144 illi
608 1078 819 1162 Dialecticae‚
841 1081 898 1148 sed
921 1095 1026 1152 tamen

104 1195 389 1278 compendiorum,
415 1207 650 1264 contemtores:
672 1191 730 1276 qut
747 1194 928 1278 nuperrime
941 1197 1027 1280 eius·

40 1369 41 1376 ,
104 1311 190 1378 modi
217 1313 305 1380 viam
334 1310 470 1395 ingressi
498 1322 599 1391 sunt,
631 1327 695 1392 qua
718 1309 809 1378 illius
837 1311 1029 1396 disciplinae

105 1441 270 1510 praecepta
295 1445 352 1510 per
374 1425 665 1508 interpretationem
691 1425 933 1494 Platonicorum
957 1428 1039 1500 dire·

38 1597 39 1616 r
105 1543 250 1627 iugorum
269 1541 522 1610 constituantur.
546 1537 589 1604 lli
603 1536 688 1604 forte
704 1537 927 1621 mirabuntur,
948 1539 1027 1622 quid

104 1657 166 1737 sit,
204 1657 298 1739 quod
330 1656 371 1722 ad
400 1652 585 1737 compendii·
612 1653 777 1737 angustias
812 1655 1026 1739 descendere,

106 1791 193 1854 quam
229 1771 428 1844 Socraticam
455 1782 655 1836 venustatem
690 1771 805 1850 sequi,
838 1771 1024 1843 maluerim:

103 1886 282 1968 pracsertim
301 1902 417 1967 ¹quum
458 1881 530 1966 ipsc
558 1881 737 1964 profitear,
769 1901 818 1951 me
850 1888 1024 1958 consilium

104 2019 201 2072 meum
225 2001 270 2070 ad
293 1999 447 2068 Veterum
469 1997 614 2068 studium
638 1983 800 2075 retulisse.
846 2001 947 2086 Sane,
977 2003 1028 2074 di-

101 2133 178 2188 cunt
194 2117 341 2200 aliquid:
370 2133 474 2198 neque
498 2129 601 2182 tamen
619 2130 765 2198 tentum,
789 2132 826 2183 ut
846 2137 897 2186 me
923 2121 1020 2204 hujus
1149 2160 1151 2168 ι

97 2235 292 2320 scriptionis
318 2234 495 2319 poeniteat.
543 2233 618 2316 Ego
638 2235 929 2318 interpretationem
953 2239 1028 2308 Ple·

109 2354 288 2422 turicorum
313 2354 511 2438 dialogorum
537 2351 739 2420 verissimum
764 2353 955 2424 Dialecticae
970 2367 1026 2426 ex·

107 2469 243 2540 crcitium
273 2487 343 2538 esse
366 2468 501 2554 judico,
528 2466 673 2548 sedita,
702 2468 732 2536 si
754 2471 900 2556 cognitio
920 2474 1026 2558 ipsios

105 2586 174 2654 artis
198 2584 429 2671 praecesserit,
461 2601 525 2665 qua
549 2582 724 2668 legentium
748 2585 875 2672 ingenia
897 2589 1022 2660 imbutis

106 2703 199 2770 ueluti
218 2703 473 2782 admoncantur,
503 2699 582 2780 quid
605 2717 737 2782 quoque
763 2705 856 2786 loco,
887 2705 1026 2788 quibus·

108 2835 168 2899 que
192 2819 232 2886 de
263 2815 412 2894 caussis,
442 2827 527 2880 recte
559 2829 696 2882 secusve
731 2815 929 2898 disputatum
965 2822 1023 2890 sit.

110 2937 263 3006 Socratica
280 2931 454 3011 melodo,
470 2944 590 2998 curtae
607 2930 735 3011 quidem
752 2929 943 3014 disciplinae
957 2951 1022 3002 ne·

111 3051 169 3120 lius
189 3055 387 3128 discuntur,·
405 3045 581 3115 Dialectici
601 3065 680 3112 vero
699 3046 814 3114 melius
838 3061 1022 3134 exercetur3

114 3169 228 3252 quippe
252 3183 335 3248 quae
350 3181 417 3234 non
435 3175 499 3228 tam
517 3162 613 3230 rebus
634 3179 727 3244 quam
748 3161 868 3230 ratione
881 3165 1026 3232 contine·

110 3297 171 3354 tar.
212 3285 389 3366 Praecepta
411 3278 519 3350 verius
548 3277 745 3362 breviusque
768 3279 938 3348 traduntur
960 3300 1025 3350 ma·

114 3397 205 3466 rhodo
220 3396 415 3480 Analytica‚
428 3412 522 3475 ⁴qrtae
541 3391 875 3477 paucisgeneralibus
899 3393 1026 3467 formu.

113 3507 156 3576 iia
172 3531 309 3598 magnam
329 3509 553 3593 complectitur
568 3521 605 3574 et
619 3500 719 3592 quasi
732 3509 816 3592 parit
831 3509 955 3594 copiam
980 3514 1026 3584 le·

114 3642 188 3710 gum
207 3626 443 3710 peculiarium..
468 3623 689 3708 Interpretatio
717 3623 914 3709 dialogorum
929 3627 1025 3711 ‘Syn-

114 3743 253 3810 theticon
275 3744 424 3828 sequuur
444 3742 649 3821 methodum,
673 3759 755 3824 quae
781 3745 930 3828 majorem
949 3746 1026 3832 gui·

114 3855 178 3924 iem
200 3854 382 3950 facilitatem
399 3854 676 3942 et'jucuuditatem
698 3855 794 3924 urbe
814 3857 957 3927 tuorum
977 3863 1027 3938 ln·

974 3993 1028 4066 gs-
