2438 4718
226 291 297 408 irs
324 303 483 384 rnnar.
506 298 734 375 nnmuov.
757 297 810 374 ut
828 301 966 386 rtur.
984 314 1106 388 non.

225 523 296 576 run
314 513 489 580 utrumque
501 493 574 577 inse
587 505 738 576 apertus
754 507 830 560 sum
847 493 1007 570 inlibeilo
1021 505 1063 572 de
1075 505 1157 576 Sers

151 646 182 706 χ
224 617 382 694 Numinis
401 609 568 680 Vindicta,
611 607 721 694 Hujus
745 608 844 677 editio
862 631 984 696 quanto
1004 619 1157 690 habuerit

222 737 401 810 faciliorem
436 727 636 796 effectionem
669 739 765 810 quam
797 731 896 800 editio
925 733 1156 808 universorum

226 871 383 942 operum,
406 845 473 914 dixi
489 843 524 910 in
538 844 735 929 praefatione
749 851 858 935 primo
874 845 1047 918 Volumini
1063 872 1155 936 prae·

224 973 346 1044 misera
367 980 400 1031 et
413 960 713 1030 Animadversiones
731 981 817 1032 mese
837 962 878 1030 ad
894 961 985 1030 illum
1001 965 1150 1037 libellum

227 1083 376 1174 quamvis
394 1079 579 1160 frequentes
597 1096 636 1146 ac
654 1079 787 1148 refertae
810 1094 915 1148 tamen
936 1097 1009 1148 eum
1032 1083 1153 1152 habent

222 1203 376 1278 modum,
405 1206 465 1276 ut,
494 1211 563 1260 non
590 1191 665 1262 dico
690 1197 731 1263 ad
752 1196 1003 1280 perfectionem,
1033 1198 1089 1264 sed
1111 1200 1153 1267 sd

223 1310 439 1389 neceesarium
466 1307 735 1393 interpretuiionia
752 1312 892 1378 officium
914 1310 1013 1377 multa
1025 1311 1066 1378 iis
1090 1315 1149 1382 de·

223 1435 313 1504 oinct
335 1442 474 1512 quorum
490 1426 576 1492 haud
599 1427 860 1494 contemnendam
892 1441 1012 1506 partem
1029 1443 1144 1509 postea

221 1547 290 1618 uidi
306 1558 337 1613 et
352 1537 515 1610 muntem.
558 1539 728 1608 Caeterum
753 1561 771 1607 a
795 1543 1038 1610 successoribus
1060 1545 1138 1612 meis

223 1663 256 1732 si
279 1671 460 1742 manserem
477 1668 535 1736 ut,
557 1673 620 1738 qus
634 1673 694 1743 ego
707 1675 781 1740 erga
797 1675 886 1724 meos
902 1659 1081 1727 decessores
1094 1681 1145 1727 re·

219 1777 344 1864 ligione
357 1791 439 1840 usus
452 1789 544 1854 sum,
557 1774 663 1839 eadum
676 1771 739 1856 ipsi
754 1791 826 1858 erga
845 1791 896 1840 me
912 1787 1064 1859 utsomr,
1079 1796 1147 1846 non

223 1891 333 1960 videar
348 1887 478 1954 nimiam
495 1886 536 1952 sb
553 1885 594 1952 iis
611 1887 742 1971 gratiam
756 1902 952 1972 exspectare.
997 1893 1057 1958 Sin
1080 1892 1145 1960 hoc

221 2006 327 2090 maius
343 2015 393 2070 est
404 2017 574 2084 quem-pro
590 2001 688 2087 hujus
706 2003 824 2070 saeculi
842 2003 1009 2088 moribus,
1021 2006 1148 2091 meique

221 2119 303 2215 mihi
319 2133 523 2185 successores
530 2135 575 2218 'se
589 2118 737 2200 graculos
754 2117 973 2202 praebebunt,
996 2125 1149 2190 consola·

221 2237 283 2302 bor
303 2251 355 2298 me
378 2248 452 2298 cum
469 2231 669 2299 conscientia
698 2229 984 2314 retrofactorum,
1005 2250 1078 2302 tum
1095 2259 1148 2307 so·

220 2351 337 2418 eierare
354 2360 542 2430 magnorum
558 2347 722 2414 viroruma
745 2365 849 2432 neque
871 2365 1076 2421 communem
1102 2376 1149 2422 re

220 2461 346 2532 curabo
366 2475 510 2542 sortem,
533 2479 601 2543 quo
624 2463 730 2528 minus
747 2481 816 2530 mea
834 2463 1000 2531 inventas
1026 2473 1149 2538 meniu

221 2580 359 2648 alienum
383 2593 500 2643 nornen
528 2575 781 2660 transferantur,
797 2579 971 2647 dummodo
989 2581 1147 2653 bonarum

226 2694 406 2764 Liternum
429 2691 588 2760 studiosis
610 2693 748 2776 aliquem
772 2692 892 2780 ingenii
908 2693 1054 2766 fructum
1075 2701 1151 2768 sffe-

104 2857 107 2862 ·
216 2823 302 2880 nut.
396 2815 403 2836 '

174 2981 178 3002 ,
287 2921 413 3006 Scripsi
442 2920 695 3008 AmsteIodrmi,
725 2939 835 2994 mense
858 2923 1047 3014 Janusrio,
1074 2929 1149 2998 sorti

218 3055 457 3110 srnccxcvrn.
