2438 4718
271 265 339 345 ta·
378 245 637 328 emanente
658 249 1095 352 Antunnmnsronnn
1175 363 1177 370 Ι

252 461 255 472 ·
275 447 378 530 bant,
397 460 465 512 non
485 439 632 526 ipsorum
649 440 772 510 mtione
787 443 945 530 modoque
957 435 1062 518 duero
1096 449 1151 520 Nat

273 579 359 644 vos,
386 559 540 642 inquam,
562 554 689 624 mirifici
707 558 789 626 estis
814 559 976 645 homines,
1001 577 1052 632 aut
1066 566 1150 650 potior

273 677 353 764 plna
375 693 472 759 quam
490 676 661 758 homines,
683 673 797 742 heroes
815 693 852 744 ae
875 677 1018 762 semidei,
1038 681 1086 764 qni
1103 695 1149 748 nn

275 792 432 860 efficacem
459 789 605 856 babeatis
627 789 847 859 voluntatens
889 808 947 878 eqo
969 811 1035 861 aum
1053 807 1152 862 unuse

275 907 413 989 multis,
433 905 587 972 voluntas
599 904 715 988 adest,
732 897 821 974 ‘vires
837 908 970 994 desunt,
986 927 1068 996 saepe
1078 909 1151 978 ierit

275 1021 416 1104 deficio,
437 1037 531 1104 saepe
551 1038 569 1085 a
586 1020 640 1087 via
660 1019 694 1088 in
708 1021 933 1092 diverticulum
947 1023 1074 1098 delatore
1091 1043 1151 1108 vos,

245 1139 247 1144 '
275 1153 317 1206 ut
338 1133 489 1203 caelestia
506 1151 644 1218 corpora
666 1148 698 1200 ct
726 1135 853 1223 sidera,
883 1139 1018 1209 eumdem
1031 1153 1150 1228 ptrpem

276 1268 312 1322 at
325 1249 523 1338 aequabilem
542 1253 657 1320 tenetis
671 1269 810 1326 motum.
835 1235 1151 1326 Cunerumabbisdis·

228 1365 244 1391 ⁴
275 1373 394 1440 redens
409 1387 447 1438 ac
464 1385 529 1436 rem
549 1385 674 1436 mecum
693 1369 764 1454 lpse
782 1379 958 1456 reputans,
982 1368 1153 1452 intelligebam

276 1505 340 1556 eos
363 1504 435 1554 esse
458 1482 605 1552 homines
634 1483 722 1550 valde
748 1484 946 1568 laudabiles,
967 1467 1149 1552 effieaoesitem

277 1618 312 1672 et
332 1603 426 1672 utiles
442 1603 481 1670 ad
499 1595 688 1686 quotidiana
705 1601 791 1670 vitae
808 1605 939 1690 negotia
957 1622 1023 1674 cun
1035 1595 1150 1668 lones

254 1735 316 1792 *ca
334 1735 366 1790 et
393 1717 548 1806 publica,
577 1735 646 1785 tum
666 1707 760 1786 etiam
782 1719 943 1805 literaria,
965 1719 1058 1788 minus
1075 1731 1154 1784 tomen

277 1841 321 1909 ad
335 1844 459 1927 egregia
474 1850 505 1904 ct
521 1837 655 1906 insolita
672 1855 789 1922 opera:
806 1855 866 1906 nec
886 1855 962 1906 sane
975 1839 1065 1908 ulum
1075 1847 1155 1900 eorum

277 1979 321 2028 er
337 1959 400 2030 hoc
416 1973 528 2042 genere
545 1972 655 2038 opus,
679 1955 829 2037 quamvls
848 1955 1014 2042 diligenter
1025 1966 1156 2048 quaerens,

279 2071 499 2158 reperiebam:
521 2069 631 2150 itaque
660 2085 742 2151 eoa,
772 2068 807 2136 in
832 2089 962 2140 summo
987 2071 1039 2136 illo
1057 2062 1156 2140 ordint,

279 2187 493 2269 hoclpsum,
509 2195 547 2250 ut
563 2183 746 2266 indicam,
763 2185 912 2254 homiues
924 2181 1156 2255 ordinatiorem

278 2317 338 2370 aut
358 2300 470 2385 potius
495 2299 565 2368 sine
586 2301 644 2367 illo
670 2301 780 2370 ordinm
806 2307 920 2373 mullos
938 2303 1055 2372 futuros
1077 2294 1157 2363 luisse.

323 2414 442 2501 Neque
458 2434 535 2484 vero
556 2415 604 2485 ita
629 2418 692 2486 hoc
710 2419 808 2500 dico,
830 2439 868 2486 ac
891 2421 921 2488 si
945 2417 1074 2488 ordinem
1088 2397 1158 2494 nugis

181 2563 186 2576 ⁸
281 2533 512 2608 mediocritatis
528 2553 622 2618 quam
640 2536 845 2604 excellentiae
861 2537 1035 2606 effectorem
1051 2515 1160 2600 casseri·

280 2655 422 2726 animem.
476 2649 561 2718 Nam
584 2653 711 2720 nullum
736 2666 787 2718 est
814 2649 1163 2736 contemnendos

282 2770 530 2840 addiscendum
546 2769 881 2854 progrediendunque
897 2769 968 2840 sine
987 2755 1081 2836 ordine
1092 2744 1163 2840 qnid·

203 2877 206 2882 ’
284 2907 382 2972 quam
398 2903 590 2974 magnopere
603 2887 725 2956 valcat:
747 2901 779 2952 et
806 2886 877 2969 ipse
893 2885 990 2952 mein
1009 2869 1164 2952 Praefatione

282 3024 321 3092 p.
340 3023 393 3092 qq.
414 3005 472 3088 (*)
492 3001 661 3084 professus
676 3021 748 3069 sum
764 3016 795 3068 et
811 3004 916 3070 adbuc
924 2999 1062 3088 profiteor
1072 3005 1129 3060 non
1141 2979 1163 3049 lt

282 3117 452 3190 uelocibus
463 3116 620 3202 ingeniis,
636 3119 693 3184 aed
711 3117 746 3217 in
763 3119 884 3202 tardis,
903 3137 983 3202 quae
993 3115 1085 3184 labore
1095 3121 1122 3170 et
1130 3120 1164 3168 or·

154 3280 158 3286 -
286 3235 361 3304 dine
385 3233 560 3322 nitunturs
589 3233 634 3300 Et
650 3235 763 3304 vellem
780 3236 992 3307 saneordinis
1008 3229 1164 3314 legemem

174 3339 178 3347 ’
282 3347 426 3418 stantius
442 3350 535 3434 sequi
553 3365 706 3432 possem:
732 3351 789 3418 sed
805 3353 936 3435 quando
951 3369 1014 3420 non
1027 3348 1164 3432 posennus

285 3465 376 3550 quod
392 3466 570 3550 uolumus,
593 3467 745 3535 debemus
764 3469 847 3536 velle
862 3483 895 3536 et
914 3486 1003 3554 agere
1017 3454 1096 3550 quod
1115 3469 1165 3542 pot·

285 3597 421 3666 sumus,
445 3579 614 3652 observare
639 3600 826 3669 opportuna
849 3585 892 3656 ad
908 3581 1058 3674 agendum
1074 3585 1164 3656 templ·

1134 3695 1164 3758 lla

264 3875 273 3888 ·
320 3861 396 3948 (*‘)
417 3865 504 3948 [utu.
524 3837 626 3952 sopra,
645 3873 875 3974 amouere.
894 3893 927 3954 p.
940 3869 1033 3955 ψῃ]

258 3997 272 4038 ἰ
988 4014 991 4024 .
