<?xml version="1.0" encoding="UTF-8"?>
<!DOCTYPE html PUBLIC "-//W3C//DTD XHTML 1.0 Transitional//EN"
    "http://www.w3.org/TR/xhtml1/DTD/xhtml1-transitional.dtd">
<html xmlns="http://www.w3.org/1999/xhtml" xml:lang="en" lang="en">
 <head>
  <title>
</title>
<meta http-equiv="Content-Type" content="text/html;charset=utf-8" />
  <meta name='ocr-system' content='tesseract 3.04.00' />
  <meta name='ocr-capabilities' content='ocr_page ocr_carea ocr_par ocr_line ocrx_word'/>
</head>
<body>
  <div class='ocr_page' id='page_1' title='image "./opusculavariiar01wyttgoog_0606.png"; bbox 0 0 2508 4712; ppageno 0'>
   <div class='ocr_carea' id='block_1_1' title="bbox 224 342 1149 461">
    <p class='ocr_par' dir='ltr' id='par_1_1' title="bbox 224 342 1149 461">
     <span class='ocr_line' id='line_1_1' title="bbox 224 342 1149 461; baseline 0.001 -25"><span class='ocrx_word' id='word_1_1' title='bbox 224 351 366 436; x_wconf 75' lang='lat' dir='ltr'>vrrs</span> <span class='ocrx_word' id='word_1_2' title='bbox 395 361 441 436; x_wconf 90' lang='lat' dir='ltr'>n.</span> <span class='ocrx_word' id='word_1_3' title='bbox 473 342 812 442; x_wconf 79' lang='lat' dir='ltr'>tunurnnrt</span> <span class='ocrx_word' id='word_1_4' title='bbox 918 373 993 461; x_wconf 57' lang='lat' dir='ltr'>n,</span> <span class='ocrx_word' id='word_1_5' title='bbox 1092 417 1095 424; x_wconf 89' lang='lat'><em>.</em></span> <span class='ocrx_word' id='word_1_6' title='bbox 1145 401 1149 408; x_wconf 91' lang='lat'>-</span> 
     </span>
    </p>
   </div>
   <div class='ocr_carea' id='block_1_2' title="bbox 42 550 987 1116">
    <p class='ocr_par' dir='ltr' id='par_1_2' title="bbox 42 550 987 1116">
     <span class='ocr_line' id='line_1_2' title="bbox 53 550 985 632; baseline 0.011 -10"><span class='ocrx_word' id='word_1_7' title='bbox 53 551 248 622; x_wconf 85' lang='lat' dir='ltr'>anctoritate</span> <span class='ocrx_word' id='word_1_8' title='bbox 272 551 390 620; x_wconf 86' lang='lat' dir='ltr'>versati</span> <span class='ocrx_word' id='word_1_9' title='bbox 414 550 493 618; x_wconf 87' lang='lat' dir='ltr'>sint.</span> <span class='ocrx_word' id='word_1_10' title='bbox 540 552 581 620; x_wconf 87' lang='lat' dir='ltr'>P.</span> <span class='ocrx_word' id='word_1_11' title='bbox 601 550 777 624; x_wconf 81' lang='lat' dir='ltr'>verissimo</span> <span class='ocrx_word' id='word_1_12' title='bbox 795 573 924 630; x_wconf 80' lang='lat' dir='ltr'>monos:</span> <span class='ocrx_word' id='word_1_13' title='bbox 948 577 985 632; x_wconf 76' lang='lat' dir='ltr'>ct</span> 
     </span>
     <span class='ocr_line' id='line_1_3' title="bbox 47 663 983 757; baseline 0.004 -21"><span class='ocrx_word' id='word_1_14' title='bbox 47 666 193 736; x_wconf 86' lang='lat' dir='ltr'>obsecro</span> <span class='ocrx_word' id='word_1_15' title='bbox 211 680 266 746; x_wconf 85' lang='lat' dir='ltr'>te,</span> <span class='ocrx_word' id='word_1_16' title='bbox 289 679 327 730; x_wconf 92' lang='lat' dir='ltr'>ut</span> <span class='ocrx_word' id='word_1_17' title='bbox 351 663 433 732; x_wconf 84' lang='lat' dir='ltr'>milri</span> <span class='ocrx_word' id='word_1_18' title='bbox 448 663 584 748; x_wconf 87' lang='lat' dir='ltr'>aliquem</span> <span class='ocrx_word' id='word_1_19' title='bbox 600 664 745 734; x_wconf 88' lang='lat' dir='ltr'>libellum</span> <span class='ocrx_word' id='word_1_20' title='bbox 761 669 840 753; x_wconf 85' lang='lat' dir='ltr'>des,</span> <span class='ocrx_word' id='word_1_21' title='bbox 858 689 900 740; x_wconf 79' lang='lat' dir='ltr'>su</span> <span class='ocrx_word' id='word_1_22' title='bbox 913 691 983 757; x_wconf 87' lang='lat' dir='ltr'>quo</span> 
     </span>
     <span class='ocr_line' id='line_1_4' title="bbox 45 779 987 872; baseline 0.004 -22"><span class='ocrx_word' id='word_1_23' title='bbox 45 783 132 850; x_wconf 84' lang='lat' dir='ltr'>haec</span> <span class='ocrx_word' id='word_1_24' title='bbox 148 779 256 848; x_wconf 88' lang='lat' dir='ltr'>omnia</span> <span class='ocrx_word' id='word_1_25' title='bbox 271 779 361 846; x_wconf 81' lang='lat' dir='ltr'>brevi</span> <span class='ocrx_word' id='word_1_26' title='bbox 377 792 521 861; x_wconf 84' lang='lat' dir='ltr'>tempore</span> <span class='ocrx_word' id='word_1_27' title='bbox 536 779 669 850; x_wconf 79' lang='lat' dir='ltr'>discam</span> <span class='ocrx_word' id='word_1_28' title='bbox 694 781 739 850; x_wconf 89' lang='lat' dir='ltr'>R.</span> <span class='ocrx_word' id='word_1_29' title='bbox 756 781 810 850; x_wconf 91' lang='lat' dir='ltr'>Tu</span> <span class='ocrx_word' id='word_1_30' title='bbox 825 785 955 868; x_wconf 86' lang='lat' dir='ltr'>quidem</span> <span class='ocrx_word' id='word_1_31' title='bbox 965 805 987 872; x_wconf 61' lang='lat'>3,</span> 
     </span>
     <span class='ocr_line' id='line_1_5' title="bbox 42 893 982 986; baseline -0.001 -17"><span class='ocrx_word' id='word_1_32' title='bbox 42 905 71 969; x_wconf 81' lang='lat' dir='ltr'>o</span> <span class='ocrx_word' id='word_1_33' title='bbox 91 902 203 981; x_wconf 87' lang='lat' dir='ltr'>bone,</span> <span class='ocrx_word' id='word_1_34' title='bbox 217 896 322 965; x_wconf 90' lang='lat' dir='ltr'>omnia</span> <span class='ocrx_word' id='word_1_35' title='bbox 337 915 375 963; x_wconf 86' lang='lat' dir='ltr'>er</span> <span class='ocrx_word' id='word_1_36' title='bbox 388 893 507 962; x_wconf 75' lang='lat' dir='ltr'>libellis</span> <span class='ocrx_word' id='word_1_37' title='bbox 523 895 715 978; x_wconf 86' lang='lat' dir='ltr'>quibusdam</span> <span class='ocrx_word' id='word_1_38' title='bbox 732 899 857 984; x_wconf 82' lang='lat' dir='ltr'>percipi</span> <span class='ocrx_word' id='word_1_39' title='bbox 879 900 982 986; x_wconf 80' lang='lat' dir='ltr'>posse</span> 
     </span>
     <span class='ocr_line' id='line_1_6' title="bbox 42 1010 986 1116; baseline -0.002 -30"><span class='ocrx_word' id='word_1_40' title='bbox 42 1031 171 1101; x_wconf 84' lang='lat' dir='ltr'>putas,</span> <span class='ocrx_word' id='word_1_41' title='bbox 185 1015 242 1098; x_wconf 83' lang='lat' dir='ltr'>qui</span> <span class='ocrx_word' id='word_1_42' title='bbox 255 1011 377 1081; x_wconf 86' lang='lat' dir='ltr'>scilicet</span> <span class='ocrx_word' id='word_1_43' title='bbox 389 1011 482 1078; x_wconf 94' lang='lat' dir='ltr'>illum</span> <span class='ocrx_word' id='word_1_44' title='bbox 495 1013 534 1078; x_wconf 89' lang='lat' dir='ltr'>de</span> <span class='ocrx_word' id='word_1_45' title='bbox 544 1010 690 1080; x_wconf 76' lang='lat' dir='ltr'>Historia</span> <span class='ocrx_word' id='word_1_46' title='bbox 699 1012 842 1080; x_wconf 87' lang='lat' dir='ltr'>libellum</span> <span class='ocrx_word' id='word_1_47' title='bbox 854 1061 867 1096; x_wconf 91' lang='lat'>,</span> <span class='ocrx_word' id='word_1_48' title='bbox 878 1031 986 1116; x_wconf 85' lang='lat' dir='ltr'>quem</span> 
     </span>
    </p>
   </div>
   <div class='ocr_carea' id='block_1_3' title="bbox 38 1125 1084 1220">
    <p class='ocr_par' dir='ltr' id='par_1_3' title="bbox 38 1125 1084 1220">
     <span class='ocr_line' id='line_1_7' title="bbox 38 1125 1084 1220; baseline -0.007 -16"><span class='ocrx_word' id='word_1_49' title='bbox 38 1135 220 1220; x_wconf 79' lang='lat' dir='ltr'>magistrae</span> <span class='ocrx_word' id='word_1_50' title='bbox 236 1147 308 1200; x_wconf 87' lang='lat' dir='ltr'>ture</span> <span class='ocrx_word' id='word_1_51' title='bbox 322 1131 453 1198; x_wconf 86' lang='lat' dir='ltr'>recitare</span> <span class='ocrx_word' id='word_1_52' title='bbox 468 1132 578 1212; x_wconf 86' lang='lat' dir='ltr'>soles,</span> <span class='ocrx_word' id='word_1_53' title='bbox 592 1129 770 1198; x_wconf 77' lang='lat' dir='ltr'>edidicistis</span> <span class='ocrx_word' id='word_1_54' title='bbox 789 1125 893 1216; x_wconf 80' lang='lat' dir='ltr'>neque</span> <span class='ocrx_word' id='word_1_55' title='bbox 909 1135 974 1204; x_wconf 77' lang='lat' dir='ltr'>hoc</span> <span class='ocrx_word' id='word_1_56' title='bbox 1076 1175 1084 1184; x_wconf 91' lang='lat'><em>-</em></span> 
     </span>
    </p>
   </div>
   <div class='ocr_carea' id='block_1_4' title="bbox 37 1243 972 1451">
    <p class='ocr_par' dir='ltr' id='par_1_4' title="bbox 37 1243 972 1451">
     <span class='ocr_line' id='line_1_8' title="bbox 37 1243 972 1334; baseline -0.005 -15"><span class='ocrx_word' id='word_1_57' title='bbox 37 1251 92 1319; x_wconf 91' lang='lat' dir='ltr'>ita</span> <span class='ocrx_word' id='word_1_58' title='bbox 110 1249 209 1332; x_wconf 83' lang='lat' dir='ltr'>dico,</span> <span class='ocrx_word' id='word_1_59' title='bbox 231 1269 268 1316; x_wconf 91' lang='lat' dir='ltr'>ac</span> <span class='ocrx_word' id='word_1_60' title='bbox 288 1249 316 1316; x_wconf 87' lang='lat' dir='ltr'>si</span> <span class='ocrx_word' id='word_1_61' title='bbox 333 1261 366 1314; x_wconf 87' lang='lat' dir='ltr'>te</span> <span class='ocrx_word' id='word_1_62' title='bbox 380 1246 501 1314; x_wconf 82' lang='lat' dir='ltr'>laboris</span> <span class='ocrx_word' id='word_1_63' title='bbox 518 1246 591 1326; x_wconf 89' lang='lat' dir='ltr'>tui,</span> <span class='ocrx_word' id='word_1_64' title='bbox 612 1259 667 1312; x_wconf 89' lang='lat' dir='ltr'>aut</span> <span class='ocrx_word' id='word_1_65' title='bbox 684 1243 852 1328; x_wconf 74' lang='lat' dir='ltr'>magistrae</span> <span class='ocrx_word' id='word_1_66' title='bbox 873 1262 972 1334; x_wconf 89' lang='lat' dir='ltr'>tuae,</span> 
     </span>
     <span class='ocr_line' id='line_1_9' title="bbox 38 1355 971 1451; baseline -0.013 -17"><span class='ocrx_word' id='word_1_67' title='bbox 38 1365 214 1451; x_wconf 87' lang='lat' dir='ltr'>poenitere</span> <span class='ocrx_word' id='word_1_68' title='bbox 237 1361 370 1442; x_wconf 82' lang='lat' dir='ltr'>debeat,</span> <span class='ocrx_word' id='word_1_69' title='bbox 393 1378 475 1442; x_wconf 86' lang='lat' dir='ltr'>quae</span> <span class='ocrx_word' id='word_1_70' title='bbox 502 1356 707 1424; x_wconf 74' lang='lat' dir='ltr'>utilissimam</span> <span class='ocrx_word' id='word_1_71' title='bbox 732 1371 797 1422; x_wconf 88' lang='lat' dir='ltr'>tem</span> <span class='ocrx_word' id='word_1_72' title='bbox 823 1355 902 1423; x_wconf 87' lang='lat' dir='ltr'>fecit</span> <span class='ocrx_word' id='word_1_73' title='bbox 921 1358 971 1424; x_wconf 89' lang='lat' dir='ltr'>in·</span> 
     </span>
    </p>
   </div>
   <div class='ocr_carea' id='block_1_5' title="bbox 34 1467 1071 2146">
    <p class='ocr_par' dir='ltr' id='par_1_5' title="bbox 34 1467 1071 2146">
     <span class='ocr_line' id='line_1_10' title="bbox 36 1467 1071 1556; baseline -0.014 -6"><span class='ocrx_word' id='word_1_74' title='bbox 36 1481 200 1550; x_wconf 82' lang='lat' dir='ltr'>sulcanda</span> <span class='ocrx_word' id='word_1_75' title='bbox 225 1477 396 1544; x_wconf 87' lang='lat' dir='ltr'>memoriae</span> <span class='ocrx_word' id='word_1_76' title='bbox 420 1489 492 1542; x_wconf 91' lang='lat' dir='ltr'>tuae</span> <span class='ocrx_word' id='word_1_77' title='bbox 520 1475 579 1540; x_wconf 88' lang='lat' dir='ltr'>hac</span> <span class='ocrx_word' id='word_1_78' title='bbox 601 1471 717 1556; x_wconf 91' lang='lat' dir='ltr'>puerili</span> <span class='ocrx_word' id='word_1_79' title='bbox 733 1467 896 1538; x_wconf 80' lang='lat' dir='ltr'>Historiae</span> <span class='ocrx_word' id='word_1_80' title='bbox 913 1490 972 1538; x_wconf 77' lang='lat' dir='ltr'>co·</span> <span class='ocrx_word' id='word_1_81' title='bbox 1067 1539 1071 1548; x_wconf 70' lang='grc'>,</span> 
     </span>
     <span class='ocr_line' id='line_1_11' title="bbox 37 1585 973 1686; baseline -0.017 -19"><span class='ocrx_word' id='word_1_82' title='bbox 37 1593 310 1686; x_wconf 81' lang='lat' dir='ltr'>gnitionernunc</span> <span class='ocrx_word' id='word_1_83' title='bbox 326 1603 534 1674; x_wconf 86' lang='lat' dir='ltr'>tempusest,</span> <span class='ocrx_word' id='word_1_84' title='bbox 551 1587 708 1674; x_wconf 82' lang='lat' dir='ltr'>judicium</span> <span class='ocrx_word' id='word_1_85' title='bbox 718 1585 973 1670; x_wconf 84' lang='lat' dir='ltr'>exerceru,uiri·</span> 
     </span>
     <span class='ocr_line' id='line_1_12' title="bbox 38 1705 973 1790; baseline -0.015 -5"><span class='ocrx_word' id='word_1_86' title='bbox 38 1719 110 1784; x_wconf 87' lang='lat' dir='ltr'>lem</span> <span class='ocrx_word' id='word_1_87' title='bbox 129 1713 291 1780; x_wconf 87' lang='lat' dir='ltr'>doctrinae</span> <span class='ocrx_word' id='word_1_88' title='bbox 302 1711 454 1778; x_wconf 88' lang='lat' dir='ltr'>rationem</span> <span class='ocrx_word' id='word_1_89' title='bbox 471 1707 670 1789; x_wconf 85' lang='lat' dir='ltr'>consectari,</span> <span class='ocrx_word' id='word_1_90' title='bbox 684 1725 765 1790; x_wconf 89' lang='lat' dir='ltr'>quae</span> <span class='ocrx_word' id='word_1_91' title='bbox 776 1705 895 1772; x_wconf 88' lang='lat' dir='ltr'>dicitur</span> <span class='ocrx_word' id='word_1_92' title='bbox 908 1706 973 1772; x_wconf 74' lang='lat' dir='ltr'>cri«</span> 
     </span>
     <span class='ocr_line' id='line_1_13' title="bbox 37 1813 971 1905; baseline -0.007 -10"><span class='ocrx_word' id='word_1_93' title='bbox 37 1831 115 1895; x_wconf 88' lang='lat' dir='ltr'>tica</span> <span class='ocrx_word' id='word_1_94' title='bbox 138 1827 237 1893; x_wconf 79' lang='lat' dir='ltr'>ratior</span> <span class='ocrx_word' id='word_1_95' title='bbox 259 1827 334 1891; x_wconf 89' lang='lat' dir='ltr'>haec</span> <span class='ocrx_word' id='word_1_96' title='bbox 349 1843 417 1892; x_wconf 92' lang='lat' dir='ltr'>non</span> <span class='ocrx_word' id='word_1_97' title='bbox 434 1823 570 1905; x_wconf 82' lang='lat' dir='ltr'>subito,</span> <span class='ocrx_word' id='word_1_98' title='bbox 592 1822 739 1892; x_wconf 87' lang='lat' dir='ltr'>etunius</span> <span class='ocrx_word' id='word_1_99' title='bbox 758 1821 860 1886; x_wconf 86' lang='lat' dir='ltr'>libelli</span> <span class='ocrx_word' id='word_1_100' title='bbox 876 1813 971 1903; x_wconf 71' lang='lat' dir='ltr'>quast</span> 
     </span>
     <span class='ocr_line' id='line_1_14' title="bbox 34 1939 969 2028; baseline -0.001 -18"><span class='ocrx_word' id='word_1_101' title='bbox 34 1946 169 2013; x_wconf 84' lang='lat' dir='ltr'>haustu</span> <span class='ocrx_word' id='word_1_102' title='bbox 185 1941 381 2028; x_wconf 82' lang='lat' dir='ltr'>percipitur:</span> <span class='ocrx_word' id='word_1_103' title='bbox 394 1941 496 2008; x_wconf 87' lang='lat' dir='ltr'>libros</span> <span class='ocrx_word' id='word_1_104' title='bbox 509 1941 548 2009; x_wconf 85' lang='lat' dir='ltr'>de</span> <span class='ocrx_word' id='word_1_105' title='bbox 563 1959 598 2008; x_wconf 86' lang='lat' dir='ltr'>ea</span> <span class='ocrx_word' id='word_1_106' title='bbox 613 1941 752 2026; x_wconf 85' lang='lat' dir='ltr'>scriptos</span> <span class='ocrx_word' id='word_1_107' title='bbox 763 1953 831 2010; x_wconf 87' lang='lat' dir='ltr'>tum</span> <span class='ocrx_word' id='word_1_108' title='bbox 841 1939 969 2010; x_wconf 78' lang='lat' dir='ltr'>oemunt</span> 
     </span>
     <span class='ocr_line' id='line_1_15' title="bbox 35 2054 969 2146; baseline -0.005 -17"><span class='ocrx_word' id='word_1_109' title='bbox 35 2061 204 2146; x_wconf 81' lang='lat' dir='ltr'>intelliges</span> <span class='ocrx_word' id='word_1_110' title='bbox 230 2075 357 2126; x_wconf 88' lang='lat' dir='ltr'>etcum</span> <span class='ocrx_word' id='word_1_111' title='bbox 379 2059 490 2126; x_wconf 86' lang='lat' dir='ltr'>fructu</span> <span class='ocrx_word' id='word_1_112' title='bbox 519 2059 625 2144; x_wconf 85' lang='lat' dir='ltr'>leges,</span> <span class='ocrx_word' id='word_1_113' title='bbox 649 2057 677 2124; x_wconf 91' lang='lat' dir='ltr'>si</span> <span class='ocrx_word' id='word_1_114' title='bbox 701 2058 740 2140; x_wconf 82' lang='lat' dir='ltr'>ad</span> <span class='ocrx_word' id='word_1_115' title='bbox 763 2073 830 2122; x_wconf 85' lang='lat' dir='ltr'>eam</span> <span class='ocrx_word' id='word_1_116' title='bbox 849 2054 969 2124; x_wconf 73' lang='lat' dir='ltr'>smalto</span> 
     </span>
    </p>
   </div>
   <div class='ocr_carea' id='block_1_6' title="bbox 32 2173 1102 2278">
    <p class='ocr_par' dir='ltr' id='par_1_6' title="bbox 32 2173 1102 2278">
     <span class='ocr_line' id='line_1_16' title="bbox 32 2173 1102 2278; baseline -0.003 -34"><span class='ocrx_word' id='word_1_117' title='bbox 32 2178 224 2246; x_wconf 81' lang='lat' dir='ltr'>adsueveris</span> <span class='ocrx_word' id='word_1_118' title='bbox 240 2177 408 2262; x_wconf 77' lang='lat' dir='ltr'>dilipenter</span> <span class='ocrx_word' id='word_1_119' title='bbox 423 2176 610 2247; x_wconf 83' lang='lat' dir='ltr'>ventitando</span> <span class='ocrx_word' id='word_1_120' title='bbox 630 2177 664 2242; x_wconf 92' lang='lat' dir='ltr'>in</span> <span class='ocrx_word' id='word_1_121' title='bbox 684 2176 812 2242; x_wconf 87' lang='lat' dir='ltr'>scholas</span> <span class='ocrx_word' id='word_1_122' title='bbox 836 2173 970 2244; x_wconf 62' lang='lat' dir='ltr'>Proles*</span> <span class='ocrx_word' id='word_1_123' title='bbox 995 2215 1001 2224; x_wconf 82' lang='lat'><em>·</em></span> <span class='ocrx_word' id='word_1_124' title='bbox 1098 2266 1102 2278; x_wconf 35' lang='grc' dir='ltr'>Ι</span> 
     </span>
    </p>
   </div>
   <div class='ocr_carea' id='block_1_7' title="bbox 29 2291 1020 4004">
    <p class='ocr_par' dir='ltr' id='par_1_7' title="bbox 34 2291 778 2362">
     <span class='ocr_line' id='line_1_17' title="bbox 34 2291 778 2362; baseline -0.003 0"><span class='ocrx_word' id='word_1_125' title='bbox 34 2311 154 2362; x_wconf 87' lang='lat' dir='ltr'>sorum</span> <span class='ocrx_word' id='word_1_126' title='bbox 169 2293 347 2360; x_wconf 85' lang='lat' dir='ltr'>Historiam</span> <span class='ocrx_word' id='word_1_127' title='bbox 366 2293 419 2360; x_wconf 85' lang='lat' dir='ltr'>illa</span> <span class='ocrx_word' id='word_1_128' title='bbox 435 2293 557 2362; x_wconf 89' lang='lat' dir='ltr'>ratione</span> <span class='ocrx_word' id='word_1_129' title='bbox 574 2291 778 2360; x_wconf 84' lang='lat' dir='ltr'>tradentium.</span> 
     </span>
    </p>

    <p class='ocr_par' dir='ltr' id='par_1_8' title="bbox 32 2409 1008 2956">
     <span class='ocr_line' id='line_1_18' title="bbox 78 2409 974 2494; baseline -0.002 -12"><span class='ocrx_word' id='word_1_130' title='bbox 78 2413 134 2482; x_wconf 87' lang='lat' dir='ltr'>lta</span> <span class='ocrx_word' id='word_1_131' title='bbox 145 2409 513 2494; x_wconf 83' lang='lat' dir='ltr'>Ruhulteniusethunc‚</span> <span class='ocrx_word' id='word_1_132' title='bbox 524 2428 555 2480; x_wconf 85' lang='lat' dir='ltr'>et</span> <span class='ocrx_word' id='word_1_133' title='bbox 573 2411 653 2478; x_wconf 81' lang='lat' dir='ltr'>alios</span> <span class='ocrx_word' id='word_1_134' title='bbox 669 2429 763 2494; x_wconf 87' lang='lat' dir='ltr'>saepe</span> <span class='ocrx_word' id='word_1_135' title='bbox 780 2411 974 2480; x_wconf 71' lang='lat' dir='ltr'>adolescen-</span> 
     </span>
     <span class='ocr_line' id='line_1_19' title="bbox 33 2523 968 2609; baseline 0 -17"><span class='ocrx_word' id='word_1_136' title='bbox 33 2539 108 2607; x_wconf 87' lang='lat' dir='ltr'>tes,</span> <span class='ocrx_word' id='word_1_137' title='bbox 131 2524 151 2591; x_wconf 83' lang='lat' dir='ltr'>i</span> <span class='ocrx_word' id='word_1_138' title='bbox 177 2523 256 2591; x_wconf 84' lang='lat' dir='ltr'>falsa</span> <span class='ocrx_word' id='word_1_139' title='bbox 273 2525 445 2608; x_wconf 87' lang='lat' dir='ltr'>sapientiae</span> <span class='ocrx_word' id='word_1_140' title='bbox 465 2525 619 2609; x_wconf 88' lang='lat' dir='ltr'>opinione</span> <span class='ocrx_word' id='word_1_141' title='bbox 637 2539 668 2590; x_wconf 90' lang='lat' dir='ltr'>et</span> <span class='ocrx_word' id='word_1_142' title='bbox 687 2526 822 2609; x_wconf 85' lang='lat' dir='ltr'>puerilia</span> <span class='ocrx_word' id='word_1_143' title='bbox 835 2526 968 2594; x_wconf 79' lang='lat' dir='ltr'>institu-</span> 
     </span>
     <span class='ocr_line' id='line_1_20' title="bbox 33 2639 968 2726; baseline 0 -18"><span class='ocrx_word' id='word_1_144' title='bbox 33 2641 141 2709; x_wconf 88' lang='lat' dir='ltr'>tionis</span> <span class='ocrx_word' id='word_1_145' title='bbox 158 2639 319 2708; x_wconf 88' lang='lat' dir='ltr'>erroribus</span> <span class='ocrx_word' id='word_1_146' title='bbox 334 2641 501 2725; x_wconf 88' lang='lat' dir='ltr'>liberauit,</span> <span class='ocrx_word' id='word_1_147' title='bbox 518 2657 614 2724; x_wconf 88' lang='lat' dir='ltr'>atque</span> <span class='ocrx_word' id='word_1_148' title='bbox 629 2642 669 2706; x_wconf 90' lang='lat' dir='ltr'>ad</span> <span class='ocrx_word' id='word_1_149' title='bbox 683 2659 717 2707; x_wconf 89' lang='lat' dir='ltr'>se</span> <span class='ocrx_word' id='word_1_150' title='bbox 733 2640 838 2724; x_wconf 91' lang='lat' dir='ltr'>ipsum</span> <span class='ocrx_word' id='word_1_151' title='bbox 855 2661 968 2726; x_wconf 88' lang='lat' dir='ltr'>quem·</span> 
     </span>
     <span class='ocr_line' id='line_1_21' title="bbox 32 2736 1008 2838; baseline 0.005 -18"><span class='ocrx_word' id='word_1_152' title='bbox 32 2773 102 2838; x_wconf 83' lang='lat' dir='ltr'>que</span> <span class='ocrx_word' id='word_1_153' title='bbox 119 2741 404 2838; x_wconf 64' lang='lat' dir='ltr'>cognoscendum,</span> <span class='ocrx_word' id='word_1_154' title='bbox 423 2769 604 2838; x_wconf 87' lang='lat' dir='ltr'>rectamque</span> <span class='ocrx_word' id='word_1_155' title='bbox 616 2755 800 2823; x_wconf 85' lang='lat' dir='ltr'>studiorum</span> <span class='ocrx_word' id='word_1_156' title='bbox 813 2755 899 2824; x_wconf 79' lang='lat' dir='ltr'>vlam</span> <span class='ocrx_word' id='word_1_157' title='bbox 916 2757 967 2825; x_wconf 66' lang='lat' dir='ltr'>inu</span> <span class='ocrx_word' id='word_1_158' title='bbox 1005 2736 1008 2746; x_wconf 40' lang='lat'><em>¹</em></span> 
     </span>
     <span class='ocr_line' id='line_1_22' title="bbox 32 2869 892 2956; baseline -0.002 -18"><span class='ocrx_word' id='word_1_159' title='bbox 32 2869 456 2956; x_wconf 63' lang='lat' dir='ltr'>medmndameonverrit.</span> <span class='ocrx_word' id='word_1_160' title='bbox 889 2931 892 2936; x_wconf 90' lang='lat'>.</span> 
     </span>
    </p>

    <p class='ocr_par' dir='ltr' id='par_1_9' title="bbox 29 2983 1020 4004">
     <span class='ocr_line' id='line_1_23' title="bbox 79 2983 961 3070; baseline 0.005 -16"><span class='ocrx_word' id='word_1_161' title='bbox 79 2987 227 3054; x_wconf 82' lang='lat' dir='ltr'>Alterum</span> <span class='ocrx_word' id='word_1_162' title='bbox 243 3005 379 3070; x_wconf 85' lang='lat' dir='ltr'>pensum</span> <span class='ocrx_word' id='word_1_163' title='bbox 393 3001 460 3055; x_wconf 87' lang='lat' dir='ltr'>erat</span> <span class='ocrx_word' id='word_1_164' title='bbox 472 2985 712 3070; x_wconf 82' lang='lat' dir='ltr'>Antiquitatum</span> <span class='ocrx_word' id='word_1_165' title='bbox 729 2983 961 3058; x_wconf 85' lang='lat' dir='ltr'>Romanarum.</span> 
     </span>
     <span class='ocr_line' id='line_1_24' title="bbox 30 3101 967 3188; baseline 0.002 -18"><span class='ocrx_word' id='word_1_166' title='bbox 30 3103 107 3170; x_wconf 90' lang='lat' dir='ltr'>Has</span> <span class='ocrx_word' id='word_1_167' title='bbox 131 3101 205 3168; x_wconf 89' lang='lat' dir='ltr'>item</span> <span class='ocrx_word' id='word_1_168' title='bbox 231 3103 395 3173; x_wconf 85' lang='lat' dir='ltr'>enarrabat</span> <span class='ocrx_word' id='word_1_169' title='bbox 422 3105 440 3171; x_wconf 77' lang='lat' dir='ltr'>e</span> <span class='ocrx_word' id='word_1_170' title='bbox 468 3103 597 3170; x_wconf 86' lang='lat' dir='ltr'>dictatis</span> <span class='ocrx_word' id='word_1_171' title='bbox 626 3121 738 3188; x_wconf 76' lang='lat' dir='ltr'>magna</span> <span class='ocrx_word' id='word_1_172' title='bbox 755 3117 967 3187; x_wconf 75' lang='lat' dir='ltr'>accuratoque</span> 
     </span>
     <span class='ocr_line' id='line_1_25' title="bbox 29 3215 968 3304; baseline 0.002 -19"><span class='ocrx_word' id='word_1_173' title='bbox 29 3217 205 3300; x_wconf 83' lang='lat' dir='ltr'>diligentia</span> <span class='ocrx_word' id='word_1_174' title='bbox 231 3218 387 3302; x_wconf 86' lang='lat' dir='ltr'>scriptis,</span> <span class='ocrx_word' id='word_1_175' title='bbox 412 3218 532 3302; x_wconf 89' lang='lat' dir='ltr'>quibus</span> <span class='ocrx_word' id='word_1_176' title='bbox 557 3218 601 3284; x_wconf 92' lang='lat' dir='ltr'>nil</span> <span class='ocrx_word' id='word_1_177' title='bbox 627 3233 713 3287; x_wconf 85' lang='lat' dir='ltr'>esset</span> <span class='ocrx_word' id='word_1_178' title='bbox 731 3220 784 3286; x_wconf 86' lang='lat' dir='ltr'>uel</span> <span class='ocrx_word' id='word_1_179' title='bbox 802 3219 841 3286; x_wconf 90' lang='lat' dir='ltr'>ad</span> <span class='ocrx_word' id='word_1_180' title='bbox 855 3215 968 3304; x_wconf 83' lang='lat' dir='ltr'>cogni·</span> 
     </span>
     <span class='ocr_line' id='line_1_26' title="bbox 30 3333 965 3428; baseline 0.004 -28"><span class='ocrx_word' id='word_1_181' title='bbox 30 3333 158 3401; x_wconf 89' lang='lat' dir='ltr'>tionem</span> <span class='ocrx_word' id='word_1_182' title='bbox 171 3335 347 3418; x_wconf 77' lang='lat' dir='ltr'>iucundius</span> <span class='ocrx_word' id='word_1_183' title='bbox 366 3335 468 3406; x_wconf 81' lang='lat' dir='ltr'>velari</span> <span class='ocrx_word' id='word_1_184' title='bbox 489 3355 585 3402; x_wconf 92' lang='lat' dir='ltr'>usum</span> <span class='ocrx_word' id='word_1_185' title='bbox 609 3336 837 3428; x_wconf 81' lang='lat' dir='ltr'>praestantius.</span> <span class='ocrx_word' id='word_1_186' title='bbox 880 3334 965 3416; x_wconf 84' lang='lat' dir='ltr'>Nam</span> 
     </span>
     <span class='ocr_line' id='line_1_27' title="bbox 32 3447 964 3537; baseline 0.006 -23"><span class='ocrx_word' id='word_1_187' title='bbox 32 3463 67 3514; x_wconf 89' lang='lat' dir='ltr'>et</span> <span class='ocrx_word' id='word_1_188' title='bbox 85 3447 233 3518; x_wconf 85' lang='lat' dir='ltr'>universe</span> <span class='ocrx_word' id='word_1_189' title='bbox 248 3452 350 3522; x_wconf 87' lang='lat' dir='ltr'>totius</span> <span class='ocrx_word' id='word_1_190' title='bbox 369 3455 412 3518; x_wconf 90' lang='lat' dir='ltr'>rei</span> <span class='ocrx_word' id='word_1_191' title='bbox 431 3453 581 3536; x_wconf 85' lang='lat' dir='ltr'>publicae</span> <span class='ocrx_word' id='word_1_192' title='bbox 592 3453 783 3537; x_wconf 88' lang='lat' dir='ltr'>imperiique</span> <span class='ocrx_word' id='word_1_193' title='bbox 797 3451 964 3536; x_wconf 83' lang='lat' dir='ltr'>ingenium</span> 
     </span>
     <span class='ocr_line' id='line_1_28' title="bbox 33 3568 968 3661; baseline 0.006 -31"><span class='ocrx_word' id='word_1_194' title='bbox 33 3581 70 3630; x_wconf 89' lang='lat' dir='ltr'>et</span> <span class='ocrx_word' id='word_1_195' title='bbox 87 3581 257 3648; x_wconf 83' lang='lat' dir='ltr'>caussam,</span> <span class='ocrx_word' id='word_1_196' title='bbox 281 3581 312 3634; x_wconf 86' lang='lat' dir='ltr'>et</span> <span class='ocrx_word' id='word_1_197' title='bbox 328 3568 526 3653; x_wconf 78' lang='lat' dir='ltr'>singularum</span> <span class='ocrx_word' id='word_1_198' title='bbox 545 3570 686 3654; x_wconf 89' lang='lat' dir='ltr'>partium</span> <span class='ocrx_word' id='word_1_199' title='bbox 717 3569 968 3661; x_wconf 67' lang='lat' dir='ltr'>{emaman-</span> 
     </span>
     <span class='ocr_line' id='line_1_29' title="bbox 33 3683 965 3771; baseline 0.006 -27"><span class='ocrx_word' id='word_1_200' title='bbox 33 3695 132 3761; x_wconf 89' lang='lat' dir='ltr'>tum,</span> <span class='ocrx_word' id='word_1_201' title='bbox 154 3683 405 3766; x_wconf 81' lang='lat' dir='ltr'>conversiones,</span> <span class='ocrx_word' id='word_1_202' title='bbox 423 3685 571 3752; x_wconf 90' lang='lat' dir='ltr'>ordinum</span> <span class='ocrx_word' id='word_1_203' title='bbox 586 3687 658 3771; x_wconf 86' lang='lat' dir='ltr'>juta</span> <span class='ocrx_word' id='word_1_204' title='bbox 676 3701 708 3752; x_wconf 85' lang='lat' dir='ltr'>et</span> <span class='ocrx_word' id='word_1_205' title='bbox 722 3685 965 3768; x_wconf 89' lang='lat' dir='ltr'>conditionem,</span> 
     </span>
     <span class='ocr_line' id='line_1_30' title="bbox 35 3795 1020 3884; baseline 0.007 -22"><span class='ocrx_word' id='word_1_206' title='bbox 35 3795 285 3880; x_wconf 80' lang='lat' dir='ltr'>magistratuum</span> <span class='ocrx_word' id='word_1_207' title='bbox 316 3817 473 3883; x_wconf 87' lang='lat' dir='ltr'>munera,</span> <span class='ocrx_word' id='word_1_208' title='bbox 504 3821 602 3884; x_wconf 86' lang='lat' dir='ltr'>porro</span> <span class='ocrx_word' id='word_1_209' title='bbox 627 3801 809 3884; x_wconf 89' lang='lat' dir='ltr'>instituta,</span> <span class='ocrx_word' id='word_1_210' title='bbox 841 3819 967 3884; x_wconf 87' lang='lat' dir='ltr'>mores,</span> <span class='ocrx_word' id='word_1_211' title='bbox 1019 3814 1020 3825; x_wconf 59' lang='lat'>¹</span> 
     </span>
     <span class='ocr_line' id='line_1_31' title="bbox 41 3911 967 4004; baseline 0.004 -26"><span class='ocrx_word' id='word_1_212' title='bbox 41 3911 158 3998; x_wconf 76' lang='lat' dir='ltr'>leges,</span> <span class='ocrx_word' id='word_1_213' title='bbox 189 3912 224 3982; x_wconf 88' lang='lat' dir='ltr'>in</span> <span class='ocrx_word' id='word_1_214' title='bbox 249 3915 347 3996; x_wconf 80' lang='lat' dir='ltr'>rebus</span> <span class='ocrx_word' id='word_1_215' title='bbox 371 3915 538 4002; x_wconf 82' lang='lat' dir='ltr'>publicis,</span> <span class='ocrx_word' id='word_1_216' title='bbox 566 3917 727 4004; x_wconf 86' lang='lat' dir='ltr'>privatis,</span> <span class='ocrx_word' id='word_1_217' title='bbox 756 3919 967 3998; x_wconf 86' lang='lat' dir='ltr'>domesticis,</span> 
     </span>
    </p>
   </div>
   <div class='ocr_carea' id='block_1_8' title="bbox 0 0 1258 4712">
    <p class='ocr_par' dir='ltr' id='par_1_10' title="bbox 0 0 1258 4712">
     <span class='ocr_line' id='line_1_32' title="bbox 0 0 1258 4712; baseline 0 1"><span class='ocrx_word' id='word_1_218' title='bbox 0 0 1258 4712; x_wconf 95' lang='lat' dir='ltr'> </span> 
     </span>
    </p>
   </div>
  </div>
 </body>
</html>
