2562 4708
249 313 315 394 2⁶4
400 307 658 382 unnsrnno
681 323 728 378 nx
750 307 884 380 uuum·
898 283 1020 378 nom.

140 475 143 486 ’
249 511 403 580 quaerat:
434 495 518 563 alius
544 495 721 564 destinatur
752 513 939 562 caussarum
974 493 1180 582 patrocinio,

247 611 333 678 alius
351 611 396 676 rei
413 611 560 694 publicae
578 611 750 695 gerendae,
770 610 949 678 sacerdotio
964 609 1072 694 aliua,
1093 613 1178 680 alius

243 726 423 793 medicinae
438 725 652 808 factitandae,
674 726 749 790 item
766 725 848 792 alius
867 739 1078 814 mercaturam
1096 739 1177 794 suut

245 843 325 908 adeo
350 841 407 924 qui
433 841 474 908 ad
490 842 672 910 horumuil
689 860 794 924 neque
811 842 850 908 ad
867 856 991 928 certum
1009 842 1177 926 negotium

246 975 282 1026 se
298 971 504 1040 comparent,
527 959 583 1024 sed
599 949 720 1024 Lit'eris
738 977 773 1024 ac
793 957 987 1040 Disciplinis
1007 957 1172 1048 ingenium

243 1089 312 1142 uon
330 1071 395 1138 nisi
412 1073 532 1156 tingere
548 1085 578 1138 et
597 1089 708 1172 ornare
723 1071 835 1140 veiint.
878 1074 1018 1155 lindio,
1036 1089 1068 1142 et
1080 1093 1177 1162 saepe

221 1235 224 1242 -
242 1182 364 1256 audivi.
395 1183 458 1252 Est
475 1187 568 1272 plane
580 1187 663 1254 illud
678 1186 887 1271 Neoptolemi
902 1191 990 1273 apud
1006 1188 1172 1276 Ennium,

239 1300 535 1390 Philosophandam
553 1313 598 1364 ast
610 1303 746 1387 paucis;
762 1324 837 1368 nam
851 1307 975 1370 omnino
992 1307 1085 1374 haud
1093 1309 1174 1396 plu·

239 1431 303 1491 cct.
344 1417 418 1502 Ego
433 1435 531 1498 quant
547 1409 734 1498 quicque'et
754 1435 915 1500 quatenus
938 1435 1033 1492 artem
1050 1436 1170 1492 tracta·

239 1555 273 1606 re
299 1533 400 1616 velit,
431 1532 466 1600 in
493 1552 554 1599 suo
583 1535 747 1620 cujusque
767 1534 892 1618 judicio
917 1535 1074 1617 relinquo.
1115 1535 1168 1606 Et

246 1652 368 1732 loquor
394 1667 462 1716 non
488 1649 528 1714 ad
551 1647 697 1732 alienos,
727 1641 831 1728 neque
858 1663 894 1714 ut
917 1665 1106 1732 quemquam
1131 1647 1168 1719 ln

239 1765 375 1838 senous
403 1763 540 1832 alliciant
568 1779 675 1832 measa
698 1761 737 1830 ad
761 1760 942 1844 discipulos
965 1761 1105 1846 loquor,
1127 1760 1169 1830 li·

237 1877 335 1946 berall
359 1875 577 1946 adolescentes
601 1873 758 1960 ingenio,
782 1874 838 1956 qui
864 1887 983 1959 sponte
1008 1875 1164 1945 veniunt:

231 1993 324 2078 ¹qui,
349 2007 572 2076 quaecumque
594 2009 649 2066 cos
667 2004 789 2060 maneat
806 1990 891 2058 vitae
908 2009 982 2058 sors
1006 2007 1038 2057 et
1054 1993 1169 2068 condi-

241 2107 314 2187 tio,
338 2105 396 2172 has
412 2103 477 2173 sibi
492 2103 618 2175 Literas
643 2105 716 2180 usui
735 2119 766 2170 et
790 2120 976 2173 ornamento
994 2105 1066 2178 fore
1079 2108 1169 2194 judi·

236 2233 331 2299 cant,
361 2223 464 2301 eique
490 2221 530 2286 de
550 2223 665 2288 causat
688 2235 812 2310 partem
834 2221 899 2291 illis
923 2225 1080 2312 temporis
1109 2225 1165 2300 sui

233 2351 436 2408 consecrant.
486 2336 540 2408 Ad
562 2337 624 2407 hos
649 2355 715 2408 mea
738 2337 895 2424 pertinuit
923 2339 1027 2405 oratio
1051 2341 1164 2407 admo-

229 2455 375 2537 nendos,
402 2458 466 2538 qui
485 2457 606 2528 ratione
625 2457 656 2522 in
676 2458 731 2530 illd
749 2471 1007 2540 quantacunque
1030 2471 1158 2545 ternpo-

229 2570 275 2641 ris
289 2585 399 2655 parte,
422 2572 621 2658 plurimum,
646 2575 753 2656 quoad
770 2575 840 2660 ejus
856 2573 922 2640 fieri
937 2589 1064 2659 potest,
1080 2597 1160 2661 pro·

227 2681 360 2757 ficiunt:
382 2680 421 2752 a'd
439 2687 552 2754 horum
571 2691 679 2762 studia
701 2705 733 2762 et
755 2693 924 2766 utilitatem
949 2691 1048 2786 hujus
1065 2693 1159 2770 libel·

154 2821 158 2828 ·
224 2805 249 2878 li
272 2803 372 2870 editio
393 2805 566 2887 spectavit.

267 2915 366 3006 Qui,
390 2917 564 3002 profecto,
589 2919 622 2986 in
650 2939 683 2994 re
710 2941 775 2990 non
803 2927 967 3010 estquod
996 2943 1080 2998 tntae
1107 2947 1159 2994 tue

224 3051 337 3116 operae
364 3034 537 3116 poeniteat.
582 3033 681 3122 Quod
706 3037 735 3106 ai
756 3037 838 3105 euim
869 3035 1010 3110 Graecae
1025 3035 1154 3106 Literac

221 3169 345 3224 tantum
373 3153 491 3222 habent
511 3171 708 3228 momentum
728 3158 767 3228 ad
783 3175 910 3228 omnem
928 3158 1084 3223 liberalem
1103 3157 1155 3228 in.

221 3273 456 3352 stitutionem,
495 3286 652 3354 quantum
682 3273 765 3342 inter
796 3292 906 3347 omnes
935 3263 1150 3348 constats'si

218 3388 333 3455 Graeci
351 3387 386 3455 in
408 3387 562 3458 omnibus
580 3387 705 3460 artibus
724 3407 760 3458 ac
792 3390 975 3472 disciplinis
995 3375 1152 3466 excellue-

217 3513 318 3579 runt,
362 3500 402 3566 ad
438 3515 555 3581 casque
578 3500 817 3583 percipiendas,
847 3501 1023 3574 uberrimas
1051 3505 1149 3576 uobis

215 3611 330 3694 copias
358 3615 574 3696 reliquerunt:
599 3613 628 3681 si
655 3617 775 3700 scripta
800 3636 909 3692 eorum
933 3616 1045 3688 referta
1070 3635 1147 3698 sunt

176 3718 180 3724 ’
215 3748 290 3798 cum
317 3733 525 3816 praeceptis,
549 3731 669 3815 quibus
689 3733 852 3818 ingenium
879 3736 919 3802 ad
941 3755 1042 3804 rerum
1062 3737 1147 3806 divi.

210 3859 324 3916 aarum
352 3843 634 3938 humanarumque
660 3849 829 3924 scientiam
858 3870 895 3922 ac
919 3853 1044 3930 civilem
1070 3874 1148 3936 pru·

1061 3969 1141 4042 deu·
