2418 4718
128 303 387 384 PLUTARcffl
405 243 674 374 mossarum.
695 304 775 376 vo.
787 307 815 379 1.
870 317 957 407 ³²⁷1
1037 343 1044 354 .

32 521 98 574 meo
113 499 189 568 m'ilri
211 515 274 566 osu
297 494 447 580 cognitae
472 491 558 558 haud
579 505 685 556 tamen
704 489 944 578 inficiandum„

35 629 113 713 quod
128 626 201 692 item
218 641 278 688 usu
296 619 460 703 cognovi,
482 619 573 682 locos
598 631 774 699 corruptos
792 623 949 702 complu·

36 760 79 810 res
102 741 155 807 ita.
172 753 280 802 versos
304 751 372 798 esse
401 730 440 796 ab
469 747 683 811 amyoto,
716 745 755 796 ut
790 751 947 816 appareat.

35 877 100 925 enm
123 851 347 924 emendationes
371 846 554 932 probabiles
577 848 795 929 expressisse,
818 850 887 917 slve
902 869 943 920 ex

33 973 209 1058 conjectura
229 965 387 1051 profectas
410 965 506 1042 illas,
535 962 603 1028 sive
626 982 677 1030 ex:
689 964 781 1032 libris
805 967 953 1049 scriptis,

32 1087 157 1170 petitas.
201 1083 236 1148 In
262 1079 453 1163 praefatione
472 1077 629 1144 Virorum
654 1079 721 1162 ipse
746 1080 940 1164 profitetur,

32 1221 68 1268 se
91 1199 227 1268 codicum
253 1199 437 1264 italicorum
464 1196 653 1263 collationes
683 1197 847 1268 habuisse.
898 1200 938 1268 ln

33 1317 157 1402 epistola
181 1312 219 1380 ad
244 1311 396 1382 Carnium
415 1328 516 1394 regem
537 1308 723 1376 Moralibus
743 1313 955 1394 praemissa,³

34 1433 154 1514 scribit,
185 1453 217 1500 st
245 1451 336 1500 usum
362 1449 424 1500 csse
447 1427 607 1494 codtcthus
631 1449 730 1496 manu
756 1431 886 1515 scriptis
909 1439 940 1492 et
952 1434 956 1441 ’

36 1549 214 1626 consuturis
245 1550 391 1615 uirorum
426 1541 640 1632 quorumdam
671 1541 955 1614 doctissimorum(

37 1659 77 1730 Er
108 1663 156 1730 his
192 1663 268 1728 viris
304 1661 512 1744 praecipuum
546 1656 651 1726 fuisse
690 1677 943 1728 anurnuusr

38 1797 300 1859 annuerunt,
331 1794 367 1842 ut
393 1777 431 1841 ab
461 1775 532 1840 aliis
554 1774 712 1842 monitum
726 1779 802 1858 est,
825 1776 869 1843 ira
878 1795 953 1861 ego

40 1892 159 1964 intellexi
180 1893 425 1978 comparatione
441 1891 718 1972 Interpretationis
736 1893 955 1978 Amyntiaute

39 2027 98 2075 cum
113 2012 253 2094 exemplo
271 2005 499 2076 Turnebiano.
541 2004 685 2070 Codices
700 2006 854 2086 antiquos
871 2023 954 2076 eum.

41 2127 256 2196 recentissime
293 2124 478 2202 evolvisse,
510 2136 646 2188 testatur
674 2123 780 2206 gravis
813 2141 888 2190 sane
914 2137 955 2190 en

43 2248 160 2325 aequalis
183 2247 280 2314 testis
308 2265 341 2310 a.
374 2257 657 2311 naissoutus
691 2243 778 2328 (·).
826 2241 954 2310 Horis·

44 2363 147 2440 quein
168 2355 363 2430 Parisiorum
388 2358 467 2422 urbe
489 2357 576 2440 apud
593 2357 701 2423 Patres
723 2355 863 2425 Oratorii
881 2371 952 2426 ser-'

44 2489 143 2539 rantur
162 2476 243 2542 edita
258 2473 431 2556 exempla,
455 2471 611 2538 Virorum
631 2471 806 2550 Aldinum,
830 2473 950 2540 Mora-

44 2586 109 2658 lium
137 2589 342 2672 Basilcense,
374 2583 489 2654 reiecta
521 2586 554 2652 in
584 2584 727 2670 margine
751 2589 884 2672 scriptis
907 2591 948 2659 ab

45 2719 208 2772 turono
239 2703 333 2772 notis
357 2715 389 2768 et
413 2700 686 2768 correctionibus.
740 2703 792 2772 lte
819 2704 870 2770 his
895 2722 954 2796 err-n

46 2819 140 2900 emplis
160 2837 189 2886 et
214 2821 269 2888 alii
297 2818 533 2904 prodiderunt,
554 2830 586 2882 et
608 2816 811 2884 novissimus
832 2818 953 2903 Morus

46 2929 107 3000 lan
121 2931 263 3012 Gallicus
284 2935 442 3016 interpres
468 2947 711 3020 arcannus
740 2935 831 3017 (†),
854 2935 953 3028 cnjus¹

439 3067 443 3078 '
881 3065 952 3115 ver«

83 3257 286 3339 (⁸)nethu
305 3266 497 3342 Nuptiarum,
517 3280 634 3341 p..313

82 3363 147 3444 (i)
162 3372 288 3432 Oenvres
314 3369 442 3429 Moraler
464 3369 500 3426 de
525 3371 676 3444 Plutarque
698 3385 749 3444 par
775 3369 825 3430 M.
849 3369 954 3446 ΙἋὺδε

49 3473 614 3548 utcatn‚'l'om.11,ll>aris1784.
652 3475 897 3535 Avertissetncnc:
924 3495 954 3552 p.

48 3587 71 3643 9·
105 3618 122 3650 „
138 3577 168 3656 Je
179 3580 241 3640 dois
259 3579 332 3638 aussi
353 3593 387 3635 ru
409 3591 439 3636 r.
468 3593 495 3638 r.
519 3591 712 3649 Jartrsartc,
733 3577 955 3646 Bibliorhccaire

48 3719 64 3750 „
79 3678 108 3739 tle
121 3683 143 3741 lt
153 3685 265 3746 Maison
278 3682 315 3742 de
334 3680 485 3742 l'Otatoite
503 3679 539 3739 dc
559 3681 588 3742 S.
605 3683 744 3754 Honore,
761 3683 787 3740 la
801 3687 956 3758 communi,

49 3787 161 3854 „culon
177 3789 246 3848 d’nn
264 3787 433 3862 exemplaire
453 3787 593 3860 precleux,
609 3784 658 3845 der
681 3788 810 3850 Oettvres
830 3790 957 3860 Morakt

48 3925 66 3962 ,‚
81 3885 273 3968 dei’lutarque
282 3893 415 3968 imprime,
426 3895 442 3950 l
455 3889 538 3950 ntia
547 3891 620 3954 citez
637 3891 750 3956 Froben
766 3909 801 3956 en
813 3911 886 3972 1542
898 3935 908 3961 ‚
920 3895 958 3966 let

429 3995 483 4060 Aa
510 4007 529 4072 5
850 4039 871 4072 ,
890 3995 956 4068 quel

1147 2607 1172 2660 ὁ
