2562 4708
243 287 434 362 snnncc.
457 289 613 362 nncnc.
637 283 840 363 nosnos„
935 301 1003 388 ,σς

88 477 222 548 dentiam
241 477 439 562 instruatur,
462 493 532 546 tuns
549 476 723 560 exemplis,
747 478 867 562 quibus
884 481 1012 552 animus

86 597 191 682 pulcri
224 595 422 677 honestique
452 611 549 660 sensu
582 591 770 678 imbuetur,
800 608 831 659 et
868 598 1015 666 onmium

87 731 193 777 amose
227 711 386 776 virtutum
417 709 631 789 incendentem
664 708 742 775 hacc
773 708 875 794 igitur
894 713 937 779 'si
967 715 1015 784 its

83 841 184 906 sunt,
206 825 292 891 haud
310 825 425 892 dubito
442 823 587 908 profiteri
605 841 656 890 me
674 825 737 890 hoc
756 824 867 892 libello
890 829 1012 900 edendo

81 957 111 1006 et
140 941 275 1008 omnino
297 939 431 1008 Graecis
455 939 577 1006 Litesis
602 941 782 1025 docendis,
814 946 1013 1028 praeciosum

84 1073 250 1142 spectasse
276 1056 482 1141 consilium,
515 1060 649 1144 ejusque
680 1078 730 1125 sne
762 1061 893 1127 consilii
923 1062 1012 1132 hunc

83 1175 309 1244 maximumet
324 1175 592 1246 humanissimum
611 1195 723 1261 cepere
739 1176 904 1259 fructum,
921 1179 1012 1263 quod

82 1299 196 1360 nuum
225 1273 406 1359 Litersruns
425 1291 533 1358 studia
555 1290 594 1356 oh
621 1289 801 1374 ingeniosis
826 1291 1013 1360 adolescen-

80 1411 175 1476 tibus
195 1409 232 1477 in
253 1408 320 1479 dies
343 1405 446 1494 magis
468 1403 664 1487 frequentari
684 1405 791 1473 video.

120 1525 220 1612 Quae
236 1525 343 1591 studia
372 1525 492 1592 utinam
511 1525 545 1590 in
564 1523 623 1589 hec
643 1521 825 1606 frequentis
841 1538 1009 1607 maneant,

80 1654 134 1708 snt
154 1650 303 1705 crescent
317 1638 428 1721 potius
447 1656 542 1720 quam
560 1638 773 1705 descrescent.
819 1637 1010 1726 Quomodo·

77 1775 221 1841 cumque
238 1749 409 1843 ceciderit,
434 1755 550 1821 tuebor
565 1773 614 1820 sne
630 1755 831 1823 conscientie
847 1755 1009 1824 honestis·

76 1876 155 1944 simi
180 1869 336 1953 consilii,
362 1890 428 1956 quo
452 1871 534 1938 illud
559 1870 628 1955 egi,
652 1886 689 1939 nt
705 1871 878 1939 erudiendo
893 1873 1010 1958 juven-

77 2011 143 2060 tute
169 1995 356 2079 prodessem
386 1989 619 2073 reipublicae,
648 1989 745 2073 idque
762 1989 839 2057 odeo
858 1989 1013 2074 gravissi·

76 2110 119 2178 cni
142 2108 271 2196 judicio
303 2105 469 2186 auctoris,
499 2103 693 2171 Ciceronis:
724 2105 820 2194 cujus
849 2105 1010 2174 sententis

77 2227 347 2303 commemorati,
371 2239 447 2288 sene
464 2239 531 2287 non
547 2219 606 2288 enit
625 2239 683 2286 cur
698 2219 831 2288 verbum
850 2237 1010 2304 practerea

21 2315 22 2322 ἵ
76 2340 157 2409 huic
185 2335 373 2423 praefationi
400 2337 533 2401 addam:
579 2333 681 2421 ,Quod
696 2337 779 2399 enim
799 2355 934 2416 munus,
957 2333 1008 2400 in·

78 2455 171 2538 quit,
197 2451 338 2538 (Divin.
358 2449 411 2531 ΙΙ,
436 2450 495 2536 2.)
520 2453 571 2515 rei
589 2449 740 2538 publicae
757 2446 881 2532 efferre
900 2449 1008 2534 masus

78 2568 254 2656 meliusque
271 2581 434 2654 possumus
446 2583 547 2650 quam
567 2567 595 2628 si
614 2563 757 2632 docemus
779 2580 877 2653 atque
896 2565 1008 2632 erudi·

78 2707 143 2752 mus
160 2683 399 2769 juventutem?
433 2681 483 2747 his
508 2684 708 2769 praesertim
742 2682 883 2748 moribus
910 2693 1008 2765 atque
1103 2663 1111 2676 ’

79 2803 291 2894 temporibus,
314 2801 426 2890 quibus
451 2804 502 2866 ita
522 2801 682 2888 prolapsa
706 2812 773 2881 est,
805 2817 842 2866 uc
866 2803 1006 2866 omnium

81 2919 186 3008 opibus
210 2915 414 3004 refrenanda
443 2937 483 2982 ac
504 2914 679 2982 coercenda
699 2917 753 2983 sit.
799 2915 913 3002 Neque
929 2935 1006 2984 vero

79 3035 115 3100 id
137 3035 216 3124 efflei
229 3049 320 3124 posse
340 3029 484 3116 confido,
517 3031 603 3120 quod
624 3051 663 3098 ne
680 3031 912 3121 postulandum
935 3035 1005 3119 qui-

78 3153 144 3220 dem
164 3164 233 3230 est,
258 3164 293 3214 ut
314 3169 415 3216 omnes
442 3149 652 3216 adolescentes
679 3171 710 3214 se
736 3150 877 3216 adhaec
895 3149 1005 3217 studia

77 3279 290 3336 consertam:
306 3269 409 3358 pauci
436 3269 588 3334 utinam!
611 3287 749 3354 quorum
772 3279 883 3332 tamen
905 3269 943 3330 im
967 3273 1004 3334 i'e

72 3381 207 3476 publica
227 3383 295 3449 late
305 3395 423 3473 patere
436 3389 561 3472 poterit
577 3381 758 3450 industria.
772 3381 908 3468 ,Scripsi
927 3385 1004 3450 Arn-

79 3497 266 3588 sseioduni,
285 3497 401 3566 Mense
414 3497 613 3587 Novembri,
631 3500 729 3567 Anno
744 3493 1001 3572 MDCCXCIII.
