2348 4716
187 291 386 370 tanaus.
407 294 515 370 carna
531 259 763 380 amano
882 308 958 403 a,

40 495 95 550 ιιι.
147 485 231 555 Dies
253 487 413 571 profecto
446 509 496 558 rue
516 489 664 574 deficiat,
693 493 723 559 si
744 495 796 562 vel
821 499 956 570 nonina

12 646 17 657 -
41 616 151 668 aurun
167 601 472 687 Philosophorum,
494 624 575 688 quos
594 605 719 689 aliquid
733 608 957 680 liuerisan«

48 717 130 785 cluse
159 733 308 800 coutet,
338 737 499 788 recensere
533 722 659 790 vellen.
708 725 756 792 At
780 722 837 805 hi,
867 726 952 808 proh

49 834 157 900 doinst
172 854 272 902 osnes
292 835 385 919 longi
402 834 556 918 temporis
575 835 745 918 iniquitate
760 837 954 924 consumpti

54 949 235 1033 absoepngue
268 931 390 1020 sunt*
415 950 514 1018 Nunc
543 950 660 1018 unicus
684 953 795 1020 haurn
824 972 952 1036 ruam,

64 1073 188 1152 naaria
209 1071 496 1158 locupletissimus
513 1071 654 1154 scriptor
671 1087 766 1140 ιιιιιι
786 1074 954 1160 Diogenes
970 1151 978 1172 ι

66 1180 191 1255 Ifln'm.
229 1187 378 1272 Reliqua
406 1187 651 1274 cognitionum
680 1191 813 1274 petenda
833 1205 883 1258 est
902 1209 953 1264 res

61 1299 108 1380 is,
124 1303 175 1384 gai
195 1303 270 1387 rins
295 1302 438 1383 aliquant
463 1315 584 1386 partem
604 1302 797 1387 attigerunt,
819 1303 952 1372 Cicero·

55 1433 101 1498 nc,
124 1417 323 1500 Plutarcho,
353 1418 454 1484 Sexto
485 1417 675 1504 Enpiriao,
705 1418 854 1502 den,
882 1435 953 1490 nant

49 1534 168 1600 cram
179 1549 221 1600 cx
237 1529 418 1611 brevibus,
435 1530 541 1615 iisque
556 1545 613 1618 per
628 1533 797 1606 ιιιιίιιιιοι
812 1549 954 1602 venerum

50 1643 140 1715 libros
162 1646 345 1734 dispersis,
368 1650 742 1720 commemorationibus.
758 1667 855 1736 atque
870 1651 960 1737 irap-

49 1769 170 1846 unda,
202 1781 285 1849 quac
311 1779 345 1832 et
376 1762 450 1848 ipsa
479 1782 603 1832 summa
629 1784 706 1832 cura
729 1766 959 1850 diligentiaque

57 1897 120 1948 tuat
137 1879 386 1966 hvesnganda,
409 1875 650 1962 conquirenda,
670 1877 873 1963 colligenda,
892 1879 962 1946 col·
1016 1857 1020 1862 ⁴

50 1999 181 2083 loeaquc
203 1997 272 2067 acri
296 1995 425 2084 iudicio
449 1994 658 2064 uantlnandt
674 2009 707 2062 et
728 1995 798 2064 suis
816 2012 961 2079 ιιιιιιιιι

54 2115 208 2184 muntia
227 2112 453 2200 ponderanda.
497 2111 614 2198 Neque
638 2125 743 2180 tamen
770 2115 847 2180 haec
875 2113 960 2184 diffi-

51 2227 150 2296 cultas
175 2249 234 2297 earu
264 2230 334 2298 vim
361 2227 476 2296 habere
499 2227 615 2310 debet,
646 2239 683 2296 ut
711 2228 802 2294 nulla
828 2228 967 2326 solertia

48 2345 128 2414 n'nci
145 2367 240 2430 posse
254 2358 410 2431 putetur,
432 2343 646 2428 hominesque
658 2342 877 2426 desperatione
893 2341 959 2414 ira·

46 2457 111 2525 cu'a
123 2459 342 2544 conparanda
359 2457 418 2528 hac
448 2456 635 2542 cognitione
651 2456 884 2539 deterreantur,
901 2457 960 2528 sad

47 2589 76 2642 ιι
95 2597 134 2646 eo
157 2577 264 2662 magis
290 2575 332 2642 ad
357 2591 424 2640 cana
448 2576 676 2656 assequendam
701 2593 812 2642 omncs
836 2569 960 2660 ingenii

43 2710 74 2760 ac
87 2693 266 2762 industriae
282 2691 369 2758 vires
382 2689 520 2758 excitent
536 2703 634 2773 atque
652 2703 850 2772 expromunt.
881 2687 958 2757 Hoc

47 2811 119 2878 cuim
142 2809 173 2876 si
199 2807 279 2892 quis
301 2804 423 2890 egerit,
446 2802 475 2872 is
493 2801 639 2887 prolecto
656 2801 779 2884 videat,
802 2817 965 2888 quantum

46 2925 189 2994 utilitatis
224 2943 266 2992 ex
302 2935 452 2990 accurata
490 2918 720 3006 Philosophiae
753 2918 890 2986 historia
919 2915 963 2984 ad

46 3036 135 3120 ipsam
152 3041 226 3125 ejus
244 3034 417 3104 seleutiam
436 3033 608 3114 redundet,
622 3049 719 3116 quana
734 3032 858 3115 mults,
880 3049 962 3116 quo·

45 3175 105 3226 tun
130 3159 320 3226 inventores
347 3171 385 3220 se
409 3151 554 3220 hodierni
573 3153 719 3237 iactant,
748 3153 789 3225 ab
816 3151 963 3235 antiquis

49 3279 269 3358 tutiorem,
300 3285 361 3340 aut
389 3272 501 3338 melius
525 3285 659 3338 tractata
681 3273 770 3355 slnt3
804 3287 842 3339 ot⁴
861 3291 899 3342 cs
919 3275 968 3353 lia
1114 3257 1121 3266 ’

57 3391 124 3474 ips's
143 3385 512 3477 conjecturatnfaciat,
543 3402 662 3470 quanta
687 3386 788 3455 fuerit
810 3389 968 3468 Veterum
1040 3381 1048 3398 ’

61 3503 300 3591 laihiosophia
317 3501 473 3568 facultas.
501 3499 642 3586 Quodsi
655 3502 739 3568 sain
754 3498 787 3570 in
803 3517 866 3572 tana
881 3526 967 3593 pau·

58 3619 127 3700 cit,
144 3643 209 3705 qtae
231 3617 447 3702 naufragium
472 3617 674 3703 effugerunt,
702 3619 846 3704 reliquiis
874 3637 963 3698 unta

55 3735 234 3814 iamrcarm
256 3733 486 3826 praestantia,
507 3733 645 3806 dubitari
658 3735 811 3820 profecto
828 3741 964 3826 usquc,

587 3863 591 3874 '
934 3851 969 3932 ai
