2388 4714
164 305 742 386 snunc‘r.1²rt11u0.tirtr01t.
866 333 933 406 ssu

26 505 153 578 mrbus
176 501 260 568 inter
279 519 315 568 se
329 501 519 568 collocutos
535 515 624 566 erse..
664 499 710 566 Et
732 503 821 582 quod
843 519 933 572 vete.

25 643 64 696 sas
93 615 308 686 Grammatici
341 613 579 686 institutionem
613 613 655 682 ab
684 614 829 685 Homero
858 634 934 693 sunt

27 745 99 822 ersi,
119 743 225 809 valuit
239 741 307 806 hoe
323 738 413 822 apud
426 750 570 818 veteres,
591 737 626 804 id
643 751 693 804 est
709 735 855 804 Graecos
870 739 937 806 Ro-
1076 746 1081 755 ‘

33 875 218 942 nauaque,
239 857 386 939 pueros,
417 853 475 938 qni
497 855 622 922 solruae
647 854 803 946 orationis
827 856 939 940 cogui-

41 977 208 1059 tiouiam
226 991 296 1039 usu
312 971 504 1054 quotidiano
518 972 765 1055 praecepissent.

87 1090 125 1166 ir,
147 1077 240 1156 didit
269 1086 367 1168 quis,
397 1085 551 1168 quidest
580 1091 669 1170 quod
690 1087 939 1174 Philosophus,

59 1199 184 1282 (baeu,
218 1196 403 1278 Rhetores,
424 1200 592 1282 aliosque,
625 1203 768 1284 exceptis
793 1204 940 1274 Histori-

56 1323 93 1398 nr,
108 1317 293 1399 Scriptores
309 1314 460 1400 negligis.
507 1315 593 1382 Mihi
613 1335 713 1399 vero,
735 1321 886 1404 inquam,
900 1325 940 1396 ii·

47 1439 205 1506 bionum
227 1452 316 1518 opus
335 1431 399 1502 fuit
418 1431 593 1502 historico:
620 1451 724 1516 neque
749 1436 825 1506 illos
849 1440 940 1520 equi-

38 1555 87 1616 r'en
98 1547 284 1634 Scriptores
297 1547 438 1631 negligo.
483 1546 725 1616 constitueram
741 1551 848 1634 primo
864 1571 944 1636 qua·

37 1665 217 1748 inpunitum
240 1661 345 1734 secere
361 1664 448 1732 bunc
467 1663 635 1744 libellum,
651 1663 751 1747 prims
768 1685 808 1734 ex
828 1668 941 1736 Histo-

35 1783 92 1848 ricis
108 1781 271 1848 sumenda
294 1793 407 1863 purte,
429 1779 526 1846 alteri
541 1795 583 1848 ert
604 1777 824 1864 Oratoribus,
845 1783 941 1858 tertii

35 1899 48 1962 i
63 1893 272 1979 Puuosopbis
287 1911 321 1965 et
334 1894 557 1976 Rhetoribus,
576 1900 691 1977 quarti
708 1901 725 1968 e
745 1895 892 1983 Tragicis
906 1915 942 1966 et
1040 1891 1047 1896 ’

33 2011 174 2084 Cornicis.
234 2009 280 2078 Et
310 2009 346 2076 in
379 2009 439 2076 hae
465 2008 568 2091 print
589 2022 681 2092 pune
705 2027 833 2094 operam
863 2011 943 2098 milui

33 2147 131 2210 enan,
158 2123 384 2210 descriptione
414 2124 559 2196 locorum
587 2143 626 2192 en
659 2126 751 2204 oditis
783 2127 878 2196 libris
905 2130 941 2200 in
1016 2119 1021 2136 ”

38 2259 121 2312 usun
133 2240 381 2326 ebrieogrnphi,
397 2240 623 2324 praestiterunt
638 2241 787 2316 laudandi
803 2241 942 2316 Littera·

37 2377 97 2426 rnrn
119 2361 223 2434 studio
249 2356 416 2441 discipuli,
461 2355 530 2445 Qui
546 2356 608 2446 etsi
631 2375 681 2424 nre
704 2359 824 2428 laboris
846 2377 940 2446 purte

36 2478 175 2558 innunt,
204 2489 311 2548 nmen
345 2473 484 2548 inlunis
508 2472 574 2542 iliis
599 2473 797 2558 relegendis,
830 2493 937 2546 ernen-

34 2591 145 2671 riandis,
167 2587 428 2672 locupletandis,
454 2600 524 2653 turn
548 2589 701 2671 augendis
728 2590 941 2660 annotatione
981 2577 987 2584 ’

37 2703 178 2774 ribmio
192 2703 369 2779 desiderata
387 2703 427 2798 ari
444 2703 686 2794 vendibiliorem
703 2704 848 2776 libellum
868 2707 937 2774 red·

37 2819 175 2903 tiendum,
204 2820 320 2892 deinde
344 2819 547 2903 digerendis,
567 2819 827 2901 constituendis,
850 2819 939 2886 ordi·

36 2935 149 3018 nanrbs,
165 2937 304 3020 denique
320 2933 598 3018 chalcographieis
614 2931 848 3015 speciminibus
864 2950 937 3002 cor·

34 3053 174 3136 ngeniis,
207 3069 335 3130 tanturn
364 3054 443 3120 rnihi
472 3055 626 3138 temporis
652 3052 876 3136 auferebatur,
899 3067 937 3124 ut

45 3167 105 3237 trus
116 3169 191 3242 illud
202 3171 396 3258 judicarem,
413 3171 503 3252 quod
519 3170 595 3242 huie
612 3171 732 3255 primae
749 3169 936 3242 tribuissem

48 3283 124 3364 imi,
148 3304 285 3354 caeteras
311 3287 383 3354 aliis
404 3287 540 3354 edenda
565 3287 796 3371 relinquerent,
827 3283 937 3370 siqui

46 3393 116 3462 ΞΜ
123 3403 286 3486 aliqnando
302 3404 366 3472 hoc
379 3421 471 3490 agere
485 3405 605 3472 veilent
618 3421 658 3472 err
672 3401 861 3486 disciplinae
877 3383 937 3472 no'·

45 3517 280 3590 stmuumniss
313 3519 352 3588 de
380 3517 503 3606 quibus
530 3518 734 3590 utnoudum
757 3515 959 3592 brihitou.

43 3635 123 3704 stat,
139 3627 169 3696 'nr
184 3631 215 3700 si
239 3633 370 3714 qnando
386 3649 479 3704 erunt
503 3632 610 3708 idonei
629 3631 703 3702 huic
721 3633 875 3720 negotio,
893 3632 936 3702 iis

41 3755 86 3808 ωε
111 3757 189 3830 oneri
221 3755 314 3837 inei,
344 3769 429 3828 certe
454 3753 618 3836 consilio,
648 3771 716 3824 non
748 3754 936 3830 defuturum

36 3858 180 3944 triberos.

454 3937 604 4076 is¹
734 4041 739 4048 .
878 3910 1028 4056 tri-¹
