2470 4724
203 295 271 392 crs
369 287 511 362 utve
546 285 592 356 n.
629 283 968 362 nuuuntutt.

210 495 260 548 tot
274 495 306 549 et
324 498 410 567 opus
437 473 588 542 heberent
613 487 645 538 ct
668 485 851 556 uterentur,
873 475 1006 546 disertis
1030 481 1138 553 verbis

209 595 430 682 significavit,
454 611 488 657 se
515 591 549 658 in
564 591 633 674 ejus
652 607 720 656 usu
734 589 817 673 ipsis
836 598 1077 665 commodando
1095 601 1139 674 ite

210 729 312 795 porro
339 723 484 794 peretum
509 705 602 786 fore,
633 719 671 770 ut
696 705 787 790 ipsos
812 725 885 791 erge
907 708 1141 784 Ruhnkeninm

211 842 342 913 paratos
361 823 464 892 fuisse
480 819 705 906 cognovisset.
744 823 814 906 Jem
840 825 887 891 nil
904 827 1023 894 ettinet
1039 849 1143 898 nerra·

211 967 267 1030 te,
296 965 363 1031 quo
391 946 514 1028 impetu
539 943 573 1010 in
601 943 660 1010 ltus
686 944 899 1015 bibliothecas
925 949 1143 1040 involavetit,

212 1079 249 1130 nt
267 1063 395 1144 longum
414 1055 508 1142 quasi
526 1057 614 1126 sitim
635 1059 847 1142 restingueret
863 1075 895 1128 et
913 1063 972 1130 diu
987 1066 1147 1134 desidere·

209 1181 256 1248 tis
281 1178 373 1244 libris
390 1177 584 1243 hclutrctur.
630 1175 697 1262 Qui
717 1176 781 1258 ipsi
799 1177 978 1262 aliquando
994 1182 1028 1247 iu
1044 1182 1147 1251 simili

212 1312 329 1362 caussa
349 1290 502 1371 fuerunt,
515 1281 558 1356 ¹et
577 1286 763 1358 Ruhnkenli
781 1293 981 1376 quaenunt
998 1299 1030 1366 in
1046 1319 1149 1384 eppe·

214 1413 317 1482 tendo
332 1409 531 1480 vehementis
547 1421 691 1490 nomm,
714 1411 792 1480 lrtcc
809 1413 862 1478 vel
882 1415 1059 1482 tecentibus
1077 1437 1145 1485 no-

214 1529 269 1600 bis
296 1527 501 1612 intelligent:
534 1525 680 1592 neutrius
705 1527 837 1610 gnaris,
867 1531 1019 1611 quemvis
1038 1534 1140 1608 multe

215 1656 404 1721 temutes,
434 1637 541 1707 surdis
572 1637 921 1712 laeuum-uumerus.
975 1645 1068 1712 Alios
1089 1659 1145 1714 to-

152 1805 158 1814 .
213 1747 294 1839 tosss
310 1757 392 1823 elios
407 1754 523 1839 partim
541 1753 735 1840 descripsit,
759 1757 839 1825 elios
855 1761 1041 1844 excerpsit,
1063 1765 1148 1834 elios

213 1892 292 1952 cum
313 1871 408 1942 editis
434 1875 656 1957 computavit,
685 1877 857 1960 variasque
882 1879 1042 1952 lectiones
1068 1903 1151 1952 eno·

213 1995 319 2076 tevit3
347 2009 406 2059 nec
443 1993 541 2059 modo
571 2011 649 2074 eos,
681 2012 766 2076 quos
791 2009 880 2062 antee
904 1997 1144 2084 destinaverat,

217 2112 276 2184 ted
303 2111 488 2195 complures
514 2109 592 2176 tdeo
622 2109 809 2192 dequibus
841 2130 909 2180 non
937 2116 1147 2200 cogitaverat.

218 2227 303 2302 Nem
330 2245 406 2294 cum
436 2226 579 2292 codicem
606 2245 767 2310 quemque
797 2227 868 2295 suis
900 2229 973 2313 ipse
1000 2233 1152 2302 munibus

219 2343 384 2416 evolveret
398 2353 643 2424 excuteretque,
661 2361 756 2425 saepe
778 2345 874 2428 longe
889 2345 979 2412 aliud
997 2347 1089 2416 ineo
1105 2369 1156 2416 re·

215 2455 381 2545 periebat,
405 2472 503 2536 quam
521 2455 555 2520 id
569 2457 661 2538 quod
677 2455 795 2528 titulus
811 2456 1035 2543 profiteretur3
1058 2481 1155 2547 saepe

222 2575 289 2644 hoc
323 2574 458 2660 ipsum,
490 2573 546 2640 sed
578 2573 637 2640 elia
674 2588 920 2655 praetereunte
952 2593 1156 2662 exspectate.

218 2693 308 2769 llaec
329 2691 413 2762 enlm
434 2687 501 2758 fere
519 2703 567 2756 est
587 2687 819 2773 catalogorum
842 2691 1014 2774 conditio,
1039 2709 1078 2761 ut
1099 2695 1154 2762 vel

222 2803 341 2898 optimi
365 2821 475 2872 eorum
503 2801 645 2874 conlecti
666 2801 734 2868 sint
749 2803 791 2868 ab
806 2803 996 2873 hominibus
1018 2825 1087 2874 non
1104 2807 1156 2876 in-

222 2922 331 2996 doctis
354 2918 508 3003 quidem,
529 2937 588 2986 nec
610 2932 718 2990 temet
744 2917 827 2986 setis
846 2919 955 2986 doctis
981 2935 1012 2986 et
1032 2921 1158 2989 intelli·

223 3041 374 3134 gentibus
394 3055 465 3110 eum
485 3036 519 3104 in
535 3038 654 3120 linem,
678 3037 764 3107 utin
789 3038 904 3107 codice
924 3059 1051 3124 qnoque
1077 3061 1163 3125 per-

221 3157 401 3226 voluttndo
418 3153 705 3226 animadverterent
731 3167 839 3222 utrum
867 3157 967 3224 unius
987 3158 1091 3225 omnis
1116 3159 1163 3232 im

223 3287 265 3342 eo
291 3287 397 3342 essent
423 3269 625 3355 Scriptoris‚
656 3290 695 3340 tn
721 3271 944 3342 diversorumt
976 3277 1005 3342 si
1030 3277 1160 3362 unlus,

225 3407 308 3474 quot
328 3391 399 3478 ejus
416 3403 554 3472 partes,¹
567 3389 596 3456 si
620 3387 846 3471 diversorum,
870 3389 926 3472 qui
945 3388 995 3458 illi
1016 3407 1047 3459 et
1074 3411 1163 3478 quet

224 3514 389 3596 cujusque
417 3512 536 3594 scriptu
562 3509 815 3583 continerentur.
861 3511 994 3596 Veluti,
1027 3529 1066 3580 nt
1094 3515 1161 3584 hoc

222 3637 314 3704 ntur,
336 3625 455 3700 titulus
483 3623 650 3708 profitetur
676 3625 799 3692 Putrem
827 3627 964 3710 aliquem
989 3627 1161 3696 Ecclesiu-

121 3790 125 3816 .
222 3737 363 3814 rucuma
386 3741 444 3808 sed
468 3743 580 3812 insunt
604 3757 760 3828 praeterea
779 3744 916 3814 eliorum
938 3743 1165 3830 optimorum-

151 3955 154 3964 *
184 3869 290 3950 fdus
313 3857 495 3932 Auctorem
523 3856 620 3950 libri,
643 3855 810 3950 tutonis,
832 3861 1091 3956 Xenophontis,
1115 3867 1163 3932 si·

1099 3995 1166 4052 ut·
