<?xml version="1.0" encoding="UTF-8"?>
<!DOCTYPE html PUBLIC "-//W3C//DTD XHTML 1.0 Transitional//EN"
    "http://www.w3.org/TR/xhtml1/DTD/xhtml1-transitional.dtd">
<html xmlns="http://www.w3.org/1999/xhtml" xml:lang="en" lang="en">
 <head>
  <title>
</title>
<meta http-equiv="Content-Type" content="text/html;charset=utf-8" />
  <meta name='ocr-system' content='tesseract 3.04.00' />
  <meta name='ocr-capabilities' content='ocr_page ocr_carea ocr_par ocr_line ocrx_word'/>
</head>
<body>
  <div class='ocr_page' id='page_1' title='image "./opusculavariiar01wyttgoog_0566.png"; bbox 0 0 2580 4718; ppageno 0'>
   <div class='ocr_carea' id='block_1_1' title="bbox 261 245 1285 372">
    <p class='ocr_par' dir='ltr' id='par_1_1' title="bbox 261 245 1285 372">
     <span class='ocr_line' id='line_1_1' title="bbox 261 245 1285 372; baseline -0.017 -6"><span class='ocrx_word' id='word_1_1' title='bbox 261 285 480 365; x_wconf 84' lang='lat' dir='ltr'><strong>vrrnn.</strong></span> <span class='ocrx_word' id='word_1_2' title='bbox 519 277 865 354; x_wconf 68' lang='lat' dir='ltr'><strong>rennuentem·</strong></span> <span class='ocrx_word' id='word_1_3' title='bbox 957 271 1031 372; x_wconf 59' lang='lat' dir='ltr'><strong>aar·</strong></span> <span class='ocrx_word' id='word_1_4' title='bbox 1147 339 1150 348; x_wconf 92' lang='lat'><em>.</em></span> <span class='ocrx_word' id='word_1_5' title='bbox 1284 245 1285 254; x_wconf 61' lang='lat'>‘</span> 
     </span>
    </p>
   </div>
   <div class='ocr_carea' id='block_1_2' title="bbox 69 449 1138 3344">
    <p class='ocr_par' dir='ltr' id='par_1_2' title="bbox 92 449 1042 1727">
     <span class='ocr_line' id='line_1_2' title="bbox 92 449 1021 574; baseline -0.017 -22"><span class='ocrx_word' id='word_1_6' title='bbox 92 479 281 574; x_wconf 72' lang='lat' dir='ltr'><strong>Burmanno</strong></span> <span class='ocrx_word' id='word_1_7' title='bbox 302 475 489 553; x_wconf 89' lang='lat' dir='ltr'><strong>editorum,</strong></span> <span class='ocrx_word' id='word_1_8' title='bbox 511 449 745 550; x_wconf 73' lang='lat' dir='ltr'><strong>Aristophanic</strong></span> <span class='ocrx_word' id='word_1_9' title='bbox 757 481 791 534; x_wconf 89' lang='lat' dir='ltr'><strong>et</strong></span> <span class='ocrx_word' id='word_1_10' title='bbox 813 465 927 536; x_wconf 81' lang='lat' dir='ltr'><strong>Suidae</strong></span> <span class='ocrx_word' id='word_1_11' title='bbox 950 467 1021 538; x_wconf 80' lang='lat' dir='ltr'><strong>liu·</strong></span> 
     </span>
     <span class='ocr_line' id='line_1_3' title="bbox 96 582 1029 675; baseline -0.012 -14"><span class='ocrx_word' id='word_1_12' title='bbox 96 596 254 675; x_wconf 66' lang='lat' dir='ltr'><strong>suriani,</strong></span> <span class='ocrx_word' id='word_1_13' title='bbox 282 590 417 674; x_wconf 82' lang='lat' dir='ltr'><strong>Josepbi</strong></span> <span class='ocrx_word' id='word_1_14' title='bbox 442 583 897 668; x_wconf 75' lang='lat' dir='ltr'><strong>neverninpiani,1)iodori</strong></span> <span class='ocrx_word' id='word_1_15' title='bbox 922 582 1029 652; x_wconf 87' lang='lat' dir='ltr'><strong>Siculi</strong></span> 
     </span>
     <span class='ocr_line' id='line_1_4' title="bbox 101 699 1029 794; baseline -0.017 -12"><span class='ocrx_word' id='word_1_16' title='bbox 101 707 377 794; x_wconf 79' lang='lat' dir='ltr'><strong>chteiingiani,</strong></span> <span class='ocrx_word' id='word_1_17' title='bbox 391 718 423 772; x_wconf 86' lang='lat' dir='ltr'><strong>et</strong></span> <span class='ocrx_word' id='word_1_18' title='bbox 444 705 609 772; x_wconf 91' lang='lat' dir='ltr'><strong>nullorum</strong></span> <span class='ocrx_word' id='word_1_19' title='bbox 629 719 695 768; x_wconf 91' lang='lat' dir='ltr'><strong>non</strong></span> <span class='ocrx_word' id='word_1_20' title='bbox 714 699 916 783; x_wconf 85' lang='lat' dir='ltr'><strong>Scriptorum</strong></span> <span class='ocrx_word' id='word_1_21' title='bbox 929 699 1029 766; x_wconf 85' lang='lat' dir='ltr'><strong>Grae·</strong></span> 
     </span>
     <span class='ocr_line' id='line_1_5' title="bbox 102 816 1030 903; baseline -0.02 0"><span class='ocrx_word' id='word_1_22' title='bbox 102 851 217 902; x_wconf 85' lang='lat' dir='ltr'><strong>corum</strong></span> <span class='ocrx_word' id='word_1_23' title='bbox 234 849 273 896; x_wconf 79' lang='lat' dir='ltr'><strong>ac</strong></span> <span class='ocrx_word' id='word_1_24' title='bbox 291 825 505 894; x_wconf 78' lang='lat' dir='ltr'><strong>Latinoruma</strong></span> <span class='ocrx_word' id='word_1_25' title='bbox 529 821 622 890; x_wconf 76' lang='lat' dir='ltr'><strong>uirus</strong></span> <span class='ocrx_word' id='word_1_26' title='bbox 648 831 760 903; x_wconf 87' lang='lat' dir='ltr'><strong>putare</strong></span> <span class='ocrx_word' id='word_1_27' title='bbox 777 817 838 885; x_wconf 84' lang='lat' dir='ltr'><strong>nos</strong></span> <span class='ocrx_word' id='word_1_28' title='bbox 854 816 955 884; x_wconf 84' lang='lat' dir='ltr'><strong>libror</strong></span> <span class='ocrx_word' id='word_1_29' title='bbox 972 817 1030 884; x_wconf 87' lang='lat' dir='ltr'><strong>do·</strong></span> 
     </span>
     <span class='ocr_line' id='line_1_6' title="bbox 104 919 1033 1024; baseline -0.019 -7"><span class='ocrx_word' id='word_1_30' title='bbox 104 947 172 1020; x_wconf 80' lang='lat' dir='ltr'><strong>ctis</strong></span> <span class='ocrx_word' id='word_1_31' title='bbox 199 943 326 1012; x_wconf 81' lang='lat' dir='ltr'><strong>Butavir</strong></span> <span class='ocrx_word' id='word_1_32' title='bbox 354 953 472 1024; x_wconf 83' lang='lat' dir='ltr'><strong>eponte</strong></span> <span class='ocrx_word' id='word_1_33' title='bbox 500 952 533 1004; x_wconf 93' lang='lat' dir='ltr'><strong>et</strong></span> <span class='ocrx_word' id='word_1_34' title='bbox 558 919 656 1022; x_wconf 82' lang='lat' dir='ltr'><strong>gratia</strong></span> <span class='ocrx_word' id='word_1_35' title='bbox 686 933 818 1016; x_wconf 80' lang='lat' dir='ltr'><strong>venire,</strong></span> <span class='ocrx_word' id='word_1_36' title='bbox 847 951 907 1002; x_wconf 86' lang='lat' dir='ltr'><strong>nec</strong></span> <span class='ocrx_word' id='word_1_37' title='bbox 941 932 1033 1017; x_wconf 77' lang='lat' dir='ltr'><strong>gravi</strong></span> 
     </span>
     <span class='ocr_line' id='line_1_7' title="bbox 104 1047 1031 1144; baseline -0.022 -10"><span class='ocrx_word' id='word_1_38' title='bbox 104 1081 178 1139; x_wconf 85' lang='lat' dir='ltr'><strong>acre</strong></span> <span class='ocrx_word' id='word_1_39' title='bbox 197 1066 217 1132; x_wconf 74' lang='lat' dir='ltr'><strong>b</strong></span> <span class='ocrx_word' id='word_1_40' title='bbox 234 1059 438 1144; x_wconf 82' lang='lat' dir='ltr'><strong>bibliopoliie</strong></span> <span class='ocrx_word' id='word_1_41' title='bbox 457 1053 587 1124; x_wconf 85' lang='lat' dir='ltr'><strong>emenda</strong></span> <span class='ocrx_word' id='word_1_42' title='bbox 612 1071 694 1118; x_wconf 78' lang='lat' dir='ltr'><strong>ease.</strong></span> <span class='ocrx_word' id='word_1_43' title='bbox 738 1051 818 1138; x_wconf 76' lang='lat' dir='ltr'><strong>Erat</strong></span> <span class='ocrx_word' id='word_1_44' title='bbox 845 1067 920 1124; x_wconf 81' lang='lat' dir='ltr'><strong>uero</strong></span> <span class='ocrx_word' id='word_1_45' title='bbox 945 1047 1031 1114; x_wconf 88' lang='lat' dir='ltr'><strong>illud</strong></span> 
     </span>
     <span class='ocr_line' id='line_1_8' title="bbox 107 1161 1036 1260; baseline -0.025 -8"><span class='ocrx_word' id='word_1_46' title='bbox 107 1183 267 1252; x_wconf 86' lang='lat' dir='ltr'><strong>librorum</strong></span> <span class='ocrx_word' id='word_1_47' title='bbox 289 1179 363 1248; x_wconf 83' lang='lat' dir='ltr'><strong>aive</strong></span> <span class='ocrx_word' id='word_1_48' title='bbox 385 1175 528 1260; x_wconf 89' lang='lat' dir='ltr'><strong>pretium</strong></span> <span class='ocrx_word' id='word_1_49' title='bbox 552 1171 621 1240; x_wconf 80' lang='lat' dir='ltr'><strong>sive</strong></span> <span class='ocrx_word' id='word_1_50' title='bbox 638 1170 842 1245; x_wconf 88' lang='lat' dir='ltr'><strong>donum‚ut</strong></span> <span class='ocrx_word' id='word_1_51' title='bbox 864 1161 1036 1250; x_wconf 81' lang='lat' dir='ltr'><strong>accipienti</strong></span> 
     </span>
     <span class='ocr_line' id='line_1_9' title="bbox 106 1281 1038 1379; baseline -0.024 -11"><span class='ocrx_word' id='word_1_52' title='bbox 106 1297 283 1368; x_wconf 78' lang='lat' dir='ltr'><strong>honestius</strong></span> <span class='ocrx_word' id='word_1_53' title='bbox 311 1313 409 1379; x_wconf 82' lang='lat' dir='ltr'><strong>quarn</strong></span> <span class='ocrx_word' id='word_1_54' title='bbox 435 1305 543 1376; x_wconf 86' lang='lat' dir='ltr'><strong>parata</strong></span> <span class='ocrx_word' id='word_1_55' title='bbox 570 1287 731 1370; x_wconf 89' lang='lat' dir='ltr'><strong>pecunia,</strong></span> <span class='ocrx_word' id='word_1_56' title='bbox 761 1283 807 1349; x_wconf 90' lang='lat' dir='ltr'><strong>ita</strong></span> <span class='ocrx_word' id='word_1_57' title='bbox 826 1281 914 1346; x_wconf 86' lang='lat' dir='ltr'><strong>denti</strong></span> <span class='ocrx_word' id='word_1_58' title='bbox 937 1281 1038 1346; x_wconf 86' lang='lat' dir='ltr'><strong>mole·</strong></span> 
     </span>
     <span class='ocr_line' id='line_1_10' title="bbox 108 1390 1039 1490; baseline -0.031 -5"><span class='ocrx_word' id='word_1_59' title='bbox 108 1414 195 1484; x_wconf 78' lang='lat' dir='ltr'><strong>etius</strong></span> <span class='ocrx_word' id='word_1_60' title='bbox 220 1411 326 1478; x_wconf 89' lang='lat' dir='ltr'><strong>multo</strong></span> <span class='ocrx_word' id='word_1_61' title='bbox 353 1421 384 1475; x_wconf 88' lang='lat' dir='ltr'><strong>et</strong></span> <span class='ocrx_word' id='word_1_62' title='bbox 411 1403 554 1490; x_wconf 83' lang='lat' dir='ltr'><strong>gravius.</strong></span> <span class='ocrx_word' id='word_1_63' title='bbox 598 1398 716 1482; x_wconf 83' lang='lat' dir='ltr'>Neque</span> <span class='ocrx_word' id='word_1_64' title='bbox 743 1411 850 1464; x_wconf 87' lang='lat' dir='ltr'><strong>tamen</strong></span> <span class='ocrx_word' id='word_1_65' title='bbox 872 1394 947 1461; x_wconf 84' lang='lat' dir='ltr'><strong>haec</strong></span> <span class='ocrx_word' id='word_1_66' title='bbox 972 1390 1039 1460; x_wconf 79' lang='lat' dir='ltr'><strong>luit</strong></span> 
     </span>
     <span class='ocr_line' id='line_1_11' title="bbox 111 1499 1042 1603; baseline -0.024 -7"><span class='ocrx_word' id='word_1_67' title='bbox 111 1525 311 1596; x_wconf 85' lang='lat' dir='ltr'><strong>Ruhnkenio</strong></span> <span class='ocrx_word' id='word_1_68' title='bbox 336 1539 450 1591; x_wconf 77' lang='lat' dir='ltr'><strong>caussa</strong></span> <span class='ocrx_word' id='word_1_69' title='bbox 474 1535 572 1603; x_wconf 85' lang='lat' dir='ltr'><strong>qnare</strong></span> <span class='ocrx_word' id='word_1_70' title='bbox 595 1513 757 1584; x_wconf 81' lang='lat' dir='ltr'><strong>Lutetiam</strong></span> <span class='ocrx_word' id='word_1_71' title='bbox 775 1499 821 1578; x_wconf 83' lang='lat' dir='ltr'><strong>ite</strong></span> <span class='ocrx_word' id='word_1_72' title='bbox 848 1523 1042 1594; x_wconf 78' lang='lat' dir='ltr'>operamque</span> 
     </span>
     <span class='ocr_line' id='line_1_12' title="bbox 110 1623 1039 1727; baseline -0.03 -15"><span class='ocrx_word' id='word_1_73' title='bbox 110 1643 185 1727; x_wconf 82' lang='lat' dir='ltr'><strong>ipae</strong></span> <span class='ocrx_word' id='word_1_74' title='bbox 199 1637 305 1708; x_wconf 87' lang='lat' dir='ltr'><strong>facete</strong></span> <span class='ocrx_word' id='word_1_75' title='bbox 325 1635 445 1717; x_wconf 79' lang='lat' dir='ltr'><strong>vellet3</strong></span> <span class='ocrx_word' id='word_1_76' title='bbox 471 1649 542 1700; x_wconf 87' lang='lat' dir='ltr'><strong>nam</strong></span> <span class='ocrx_word' id='word_1_77' title='bbox 567 1643 633 1696; x_wconf 84' lang='lat' dir='ltr'><strong>erat</strong></span> <span class='ocrx_word' id='word_1_78' title='bbox 650 1627 690 1694; x_wconf 84' lang='lat' dir='ltr'><strong>ad</strong></span> <span class='ocrx_word' id='word_1_79' title='bbox 713 1638 842 1718; x_wconf 71' lang='lat' dir='ltr'><strong>sumtus</strong></span> <span class='ocrx_word' id='word_1_80' title='bbox 867 1623 1039 1707; x_wconf 85' lang='lat' dir='ltr'><strong>hujusmo-</strong></span> 
     </span>
    </p>

    <p class='ocr_par' dir='ltr' id='par_1_3' title="bbox 69 1709 1118 2426">
     <span class='ocr_line' id='line_1_13' title="bbox 69 1709 1118 1838; baseline -0.027 -11"><span class='ocrx_word' id='word_1_81' title='bbox 69 1773 75 1778; x_wconf 84' lang='lat'>·</span> <span class='ocrx_word' id='word_1_82' title='bbox 110 1756 166 1836; x_wconf 87' lang='lat' dir='ltr'><strong>di,</strong></span> <span class='ocrx_word' id='word_1_83' title='bbox 190 1753 219 1820; x_wconf 84' lang='lat' dir='ltr'><strong>ai</strong></span> <span class='ocrx_word' id='word_1_84' title='bbox 237 1745 432 1838; x_wconf 84' lang='lat' dir='ltr'><strong>quisalius,</strong></span> <span class='ocrx_word' id='word_1_85' title='bbox 454 1759 584 1831; x_wconf 84' lang='lat' dir='ltr'><strong>paratus</strong></span> <span class='ocrx_word' id='word_1_86' title='bbox 603 1743 807 1810; x_wconf 79' lang='lat' dir='ltr'><strong>resolutus:</strong></span> <span class='ocrx_word' id='word_1_87' title='bbox 830 1750 862 1803; x_wconf 90' lang='lat' dir='ltr'><strong>et</strong></span> <span class='ocrx_word' id='word_1_88' title='bbox 884 1736 938 1804; x_wconf 81' lang='lat' dir='ltr'><strong>itta</strong></span> <span class='ocrx_word' id='word_1_89' title='bbox 954 1735 1044 1820; x_wconf 89' lang='lat' dir='ltr'><strong>Cap·</strong></span> <span class='ocrx_word' id='word_1_90' title='bbox 1114 1709 1118 1718; x_wconf 46' lang='lat'>¹</span> 
     </span>
     <span class='ocr_line' id='line_1_14' title="bbox 111 1857 1042 1967; baseline -0.021 -22"><span class='ocrx_word' id='word_1_91' title='bbox 111 1873 295 1967; x_wconf 85' lang='lat' dir='ltr'><strong>peronnerii</strong></span> <span class='ocrx_word' id='word_1_92' title='bbox 311 1869 521 1951; x_wconf 90' lang='lat' dir='ltr'><strong>conditione,</strong></span> <span class='ocrx_word' id='word_1_93' title='bbox 544 1880 581 1933; x_wconf 92' lang='lat' dir='ltr'><strong>ut</strong></span> <span class='ocrx_word' id='word_1_94' title='bbox 608 1879 725 1952; x_wconf 76' lang='lat' dir='ltr'><strong>antea,</strong></span> <span class='ocrx_word' id='word_1_95' title='bbox 748 1874 860 1945; x_wconf 77' lang='lat' dir='ltr'><strong>postea</strong></span> <span class='ocrx_word' id='word_1_96' title='bbox 887 1859 986 1938; x_wconf 59' lang='lat' dir='ltr'><strong>redut</strong></span> <span class='ocrx_word' id='word_1_97' title='bbox 1006 1857 1042 1925; x_wconf 86' lang='lat' dir='ltr'><strong>iu</strong></span> 
     </span>
     <span class='ocr_line' id='line_1_15' title="bbox 111 1971 1039 2073; baseline -0.029 -9"><span class='ocrx_word' id='word_1_98' title='bbox 111 1993 298 2073; x_wconf 83' lang='lat' dir='ltr'><strong>Bataviem,</strong></span> <span class='ocrx_word' id='word_1_99' title='bbox 329 2005 411 2054; x_wconf 81' lang='lat' dir='ltr'><strong>usur</strong></span> <span class='ocrx_word' id='word_1_100' title='bbox 436 1999 497 2052; x_wconf 83' lang='lat' dir='ltr'><strong>ert.</strong></span> <span class='ocrx_word' id='word_1_101' title='bbox 551 1979 692 2064; x_wconf 82' lang='lat' dir='ltr'><strong>Volebat</strong></span> <span class='ocrx_word' id='word_1_102' title='bbox 717 1991 864 2044; x_wconf 83' lang='lat' dir='ltr'><strong>externas</strong></span> <span class='ocrx_word' id='word_1_103' title='bbox 889 1971 1039 2055; x_wconf 71' lang='lat' dir='ltr'><strong>regiones</strong></span> 
     </span>
     <span class='ocr_line' id='line_1_16' title="bbox 113 2089 1044 2192; baseline -0.031 -11"><span class='ocrx_word' id='word_1_104' title='bbox 113 2111 242 2192; x_wconf 81' lang='lat' dir='ltr'><strong>visere,</strong></span> <span class='ocrx_word' id='word_1_105' title='bbox 265 2103 480 2174; x_wconf 81' lang='lat' dir='ltr'><strong>bibliothecae</strong></span> <span class='ocrx_word' id='word_1_106' title='bbox 500 2101 656 2176; x_wconf 83' lang='lat' dir='ltr'><strong>lustrare,</strong></span> <span class='ocrx_word' id='word_1_107' title='bbox 678 2107 710 2162; x_wconf 93' lang='lat' dir='ltr'><strong>ct</strong></span> <span class='ocrx_word' id='word_1_108' title='bbox 733 2090 872 2176; x_wconf 90' lang='lat' dir='ltr'><strong>primum</strong></span> <span class='ocrx_word' id='word_1_109' title='bbox 897 2089 1044 2154; x_wconf 88' lang='lat' dir='ltr'><strong>omnium</strong></span> 
     </span>
     <span class='ocr_line' id='line_1_17' title="bbox 117 2199 1046 2300; baseline -0.031 -5"><span class='ocrx_word' id='word_1_110' title='bbox 117 2225 283 2296; x_wconf 84' lang='lat' dir='ltr'><strong>Lutetiam</strong></span> <span class='ocrx_word' id='word_1_111' title='bbox 309 2235 494 2300; x_wconf 72' lang='lat' dir='ltr'><strong>excunercr</strong></span> <span class='ocrx_word' id='word_1_112' title='bbox 530 2231 606 2282; x_wconf 92' lang='lat' dir='ltr'><strong>cum</strong></span> <span class='ocrx_word' id='word_1_113' title='bbox 632 2224 671 2277; x_wconf 91' lang='lat' dir='ltr'><strong>ut</strong></span> <span class='ocrx_word' id='word_1_114' title='bbox 692 2209 814 2274; x_wconf 79' lang='lat' dir='ltr'><strong>veteres</strong></span> <span class='ocrx_word' id='word_1_115' title='bbox 835 2204 912 2270; x_wconf 84' lang='lat' dir='ltr'><strong>illos</strong></span> <span class='ocrx_word' id='word_1_116' title='bbox 942 2199 1046 2266; x_wconf 83' lang='lat' dir='ltr'><strong>libror</strong></span> 
     </span>
     <span class='ocr_line' id='line_1_18' title="bbox 116 2321 1046 2426; baseline -0.037 -11"><span class='ocrx_word' id='word_1_117' title='bbox 116 2343 190 2416; x_wconf 83' lang='lat' dir='ltr'><strong>auis</strong></span> <span class='ocrx_word' id='word_1_118' title='bbox 209 2344 281 2426; x_wconf 79' lang='lat' dir='ltr'><strong>ipre</strong></span> <span class='ocrx_word' id='word_1_119' title='bbox 297 2354 329 2408; x_wconf 89' lang='lat' dir='ltr'><strong>et</strong></span> <span class='ocrx_word' id='word_1_120' title='bbox 350 2333 457 2406; x_wconf 81' lang='lat' dir='ltr'><strong>oculis</strong></span> <span class='ocrx_word' id='word_1_121' title='bbox 476 2344 638 2411; x_wconf 71' lang='lat' dir='ltr'><strong>emeret,</strong></span> <span class='ocrx_word' id='word_1_122' title='bbox 661 2337 693 2394; x_wconf 91' lang='lat' dir='ltr'><strong>et</strong></span> <span class='ocrx_word' id='word_1_123' title='bbox 709 2321 858 2390; x_wconf 82' lang='lat' dir='ltr'><strong>manibus</strong></span> <span class='ocrx_word' id='word_1_124' title='bbox 874 2327 1046 2394; x_wconf 83' lang='lat' dir='ltr'><strong>tractaret,</strong></span> 
     </span>
    </p>

    <p class='ocr_par' dir='ltr' id='par_1_4' title="bbox 106 2415 1138 3344">
     <span class='ocr_line' id='line_1_19' title="bbox 117 2415 1112 2540; baseline -0.036 -9"><span class='ocrx_word' id='word_1_125' title='bbox 117 2477 190 2531; x_wconf 89' lang='lat' dir='ltr'><strong>tom</strong></span> <span class='ocrx_word' id='word_1_126' title='bbox 213 2471 252 2525; x_wconf 91' lang='lat' dir='ltr'><strong>ut</strong></span> <span class='ocrx_word' id='word_1_127' title='bbox 278 2455 369 2524; x_wconf 88' lang='lat' dir='ltr'><strong>illum</strong></span> <span class='ocrx_word' id='word_1_128' title='bbox 396 2451 576 2540; x_wconf 89' lang='lat' dir='ltr'><strong>populum,</strong></span> <span class='ocrx_word' id='word_1_129' title='bbox 604 2459 742 2525; x_wconf 84' lang='lat' dir='ltr'><strong>terram,</strong></span> <span class='ocrx_word' id='word_1_130' title='bbox 766 2437 901 2517; x_wconf 84' lang='lat' dir='ltr'><strong>urbem,</strong></span> <span class='ocrx_word' id='word_1_131' title='bbox 922 2447 1048 2517; x_wconf 84' lang='lat' dir='ltr'><strong>cogno·</strong></span> <span class='ocrx_word' id='word_1_132' title='bbox 1105 2415 1112 2430; x_wconf 86' lang='grc'><strong>’</strong></span> 
     </span>
     <span class='ocr_line' id='line_1_20' title="bbox 106 2548 1048 2658; baseline -0.039 -10"><span class='ocrx_word' id='word_1_133' title='bbox 106 2559 233 2654; x_wconf 70' lang='lat' dir='ltr'><strong>arent.</strong></span> <span class='ocrx_word' id='word_1_134' title='bbox 276 2571 354 2658; x_wconf 88' lang='lat' dir='ltr'><strong>Quo</strong></span> <span class='ocrx_word' id='word_1_135' title='bbox 376 2583 479 2652; x_wconf 91' lang='lat' dir='ltr'><strong>quum</strong></span> <span class='ocrx_word' id='word_1_136' title='bbox 510 2561 671 2642; x_wconf 81' lang='lat' dir='ltr'><strong>venisset,</strong></span> <span class='ocrx_word' id='word_1_137' title='bbox 702 2573 770 2624; x_wconf 88' lang='lat' dir='ltr'><strong>non</strong></span> <span class='ocrx_word' id='word_1_138' title='bbox 797 2548 925 2630; x_wconf 89' lang='lat' dir='ltr'><strong>minus,</strong></span> <span class='ocrx_word' id='word_1_139' title='bbox 948 2560 1048 2629; x_wconf 86' lang='lat' dir='ltr'><strong>quam</strong></span> 
     </span>
     <span class='ocr_line' id='line_1_21' title="bbox 116 2658 1047 2765; baseline -0.042 -1"><span class='ocrx_word' id='word_1_140' title='bbox 116 2708 211 2764; x_wconf 82' lang='lat' dir='ltr'><strong>antea</strong></span> <span class='ocrx_word' id='word_1_141' title='bbox 243 2687 383 2765; x_wconf 77' lang='lat' dir='ltr'>absens,</span> <span class='ocrx_word' id='word_1_142' title='bbox 413 2695 492 2749; x_wconf 89' lang='lat' dir='ltr'><strong>tunc</strong></span> <span class='ocrx_word' id='word_1_143' title='bbox 522 2692 672 2761; x_wconf 82' lang='lat' dir='ltr'><strong>praenena</strong></span> <span class='ocrx_word' id='word_1_144' title='bbox 705 2667 892 2736; x_wconf 85' lang='lat' dir='ltr'><strong>benivolum</strong></span> <span class='ocrx_word' id='word_1_145' title='bbox 921 2658 1047 2729; x_wconf 86' lang='lat' dir='ltr'><strong>officio·</strong></span> 
     </span>
     <span class='ocr_line' id='line_1_22' title="bbox 117 2770 1138 2891; baseline -0.044 -12"><span class='ocrx_word' id='word_1_146' title='bbox 117 2823 261 2891; x_wconf 78' lang='lat' dir='ltr'><strong>numque</strong></span> <span class='ocrx_word' id='word_1_147' title='bbox 274 2815 425 2887; x_wconf 81' lang='lat' dir='ltr'><strong>expertus</strong></span> <span class='ocrx_word' id='word_1_148' title='bbox 445 2811 495 2864; x_wconf 85' lang='lat' dir='ltr'><strong>cst</strong></span> <span class='ocrx_word' id='word_1_149' title='bbox 511 2785 830 2877; x_wconf 78' lang='lat' dir='ltr'><strong>crpperonneriun3</strong></span> <span class='ocrx_word' id='word_1_150' title='bbox 854 2778 976 2862; x_wconf 83' lang='lat' dir='ltr'><strong>quippe</strong></span> <span class='ocrx_word' id='word_1_151' title='bbox 994 2770 1054 2858; x_wconf 88' lang='lat' dir='ltr'><strong>qui</strong></span> <span class='ocrx_word' id='word_1_152' title='bbox 1131 2801 1138 2813; x_wconf 49' lang='grc' dir='ltr'><em>ν</em></span> 
     </span>
     <span class='ocr_line' id='line_1_23' title="bbox 119 2888 1051 3012; baseline -0.044 -17"><span class='ocrx_word' id='word_1_153' title='bbox 119 2927 232 3012; x_wconf 81' lang='lat' dir='ltr'><strong>ipsum</strong></span> <span class='ocrx_word' id='word_1_154' title='bbox 256 2937 325 2988; x_wconf 95' lang='lat' dir='ltr'><strong>non</strong></span> <span class='ocrx_word' id='word_1_155' title='bbox 349 2915 447 2984; x_wconf 90' lang='lat' dir='ltr'><strong>mo&#39;do</strong></span> <span class='ocrx_word' id='word_1_156' title='bbox 471 2913 504 2979; x_wconf 90' lang='lat' dir='ltr'><strong>in</strong></span> <span class='ocrx_word' id='word_1_157' title='bbox 530 2902 776 2978; x_wconf 71' lang='lat' dir='ltr'><strong>familiaritatem</strong></span> <span class='ocrx_word' id='word_1_158' title='bbox 802 2888 975 2977; x_wconf 84' lang='lat' dir='ltr'><strong>reciperet,</strong></span> <span class='ocrx_word' id='word_1_159' title='bbox 996 2906 1051 2956; x_wconf 85' lang='lat' dir='ltr'><strong>ex-</strong></span> 
     </span>
     <span class='ocr_line' id='line_1_24' title="bbox 116 3009 1054 3131; baseline -0.048 -18"><span class='ocrx_word' id='word_1_160' title='bbox 116 3035 324 3131; x_wconf 73' lang='lat' dir='ltr'><strong>emplaribus</strong></span> <span class='ocrx_word' id='word_1_161' title='bbox 339 3031 441 3117; x_wconf 75' lang='lat' dir='ltr'><strong>regiae</strong></span> <span class='ocrx_word' id='word_1_162' title='bbox 460 3022 674 3094; x_wconf 82' lang='lat' dir='ltr'><strong>bibliothecae</strong></span> <span class='ocrx_word' id='word_1_163' title='bbox 699 3013 798 3082; x_wconf 85' lang='lat' dir='ltr'><strong>libere</strong></span> <span class='ocrx_word' id='word_1_164' title='bbox 816 3009 887 3090; x_wconf 89' lang='lat' dir='ltr'><strong>uti,</strong></span> <span class='ocrx_word' id='word_1_165' title='bbox 909 3020 961 3088; x_wconf 87' lang='lat' dir='ltr'><strong>et,</strong></span> <span class='ocrx_word' id='word_1_166' title='bbox 984 3017 1054 3087; x_wconf 88' lang='lat' dir='ltr'><strong>quo</strong></span> 
     </span>
     <span class='ocr_line' id='line_1_25' title="bbox 123 3117 1057 3226; baseline -0.048 0"><span class='ocrx_word' id='word_1_167' title='bbox 123 3153 259 3226; x_wconf 82' lang='lat' dir='ltr'><strong>liberine</strong></span> <span class='ocrx_word' id='word_1_168' title='bbox 286 3141 554 3220; x_wconf 86' lang='lat' dir='ltr'><strong>commodiusque</strong></span> <span class='ocrx_word' id='word_1_169' title='bbox 578 3142 747 3210; x_wconf 88' lang='lat' dir='ltr'><strong>uteretur,</strong></span> <span class='ocrx_word' id='word_1_170' title='bbox 777 3117 899 3192; x_wconf 79' lang='lat' dir='ltr'><strong>auferre</strong></span> <span class='ocrx_word' id='word_1_171' title='bbox 923 3121 1057 3186; x_wconf 90' lang='lat' dir='ltr'><strong>domum</strong></span> 
     </span>
     <span class='ocr_line' id='line_1_26' title="bbox 125 3235 1056 3344; baseline -0.047 -4"><span class='ocrx_word' id='word_1_172' title='bbox 125 3289 162 3340; x_wconf 84' lang='lat' dir='ltr'><strong>en</strong></span> <span class='ocrx_word' id='word_1_173' title='bbox 188 3281 299 3337; x_wconf 85' lang='lat' dir='ltr'><strong>recum</strong></span> <span class='ocrx_word' id='word_1_174' title='bbox 333 3270 513 3344; x_wconf 79' lang='lat' dir='ltr'><strong>pateretur:</strong></span> <span class='ocrx_word' id='word_1_175' title='bbox 550 3247 606 3314; x_wconf 83' lang='lat' dir='ltr'><strong>sed</strong></span> <span class='ocrx_word' id='word_1_176' title='bbox 633 3241 825 3324; x_wconf 89' lang='lat' dir='ltr'><strong>reliquarum</strong></span> <span class='ocrx_word' id='word_1_177' title='bbox 853 3235 947 3302; x_wconf 90' lang='lat' dir='ltr'><strong>etiam</strong></span> <span class='ocrx_word' id='word_1_178' title='bbox 979 3244 1056 3297; x_wconf 87' lang='lat' dir='ltr'><strong>eunt</strong></span> 
     </span>
    </p>
   </div>
   <div class='ocr_carea' id='block_1_3' title="bbox 121 3352 1069 4034">
    <p class='ocr_par' dir='ltr' id='par_1_5' title="bbox 121 3352 1069 3948">
     <span class='ocr_line' id='line_1_27' title="bbox 121 3352 1069 3479; baseline -0.042 -22"><span class='ocrx_word' id='word_1_179' title='bbox 121 3387 295 3479; x_wconf 76' lang='lat' dir='ltr'><strong>praefectis</strong></span> <span class='ocrx_word' id='word_1_180' title='bbox 318 3379 589 3452; x_wconf 83' lang='lat' dir='ltr'><strong>bibliothecarum</strong></span> <span class='ocrx_word' id='word_1_181' title='bbox 611 3363 860 3438; x_wconf 88' lang='lat' dir='ltr'><strong>commendaret.</strong></span> <span class='ocrx_word' id='word_1_182' title='bbox 904 3352 1004 3444; x_wconf 88' lang='lat' dir='ltr'><strong>Quod</strong></span> <span class='ocrx_word' id='word_1_183' title='bbox 1018 3352 1069 3419; x_wconf 90' lang='lat' dir='ltr'><strong>in·</strong></span> 
     </span>
     <span class='ocr_line' id='line_1_28' title="bbox 126 3467 1063 3590; baseline -0.045 -16"><span class='ocrx_word' id='word_1_184' title='bbox 126 3483 243 3590; x_wconf 79' lang='lat' dir='ltr'><strong>primia</strong></span> <span class='ocrx_word' id='word_1_185' title='bbox 260 3501 341 3568; x_wconf 89' lang='lat' dir='ltr'><strong>utile</strong></span> <span class='ocrx_word' id='word_1_186' title='bbox 357 3494 552 3568; x_wconf 81' lang='lat' dir='ltr'><strong>Ruhnkenio</strong></span> <span class='ocrx_word' id='word_1_187' title='bbox 575 3487 641 3556; x_wconf 86' lang='lat' dir='ltr'><strong>fuit</strong></span> <span class='ocrx_word' id='word_1_188' title='bbox 660 3485 694 3550; x_wconf 89' lang='lat' dir='ltr'><strong>in</strong></span> <span class='ocrx_word' id='word_1_189' title='bbox 713 3475 993 3548; x_wconf 88' lang='lat' dir='ltr'><strong>Benedictinorum</strong></span> <span class='ocrx_word' id='word_1_190' title='bbox 1010 3467 1063 3534; x_wconf 91' lang='lat' dir='ltr'><strong>bi·</strong></span> 
     </span>
     <span class='ocr_line' id='line_1_29' title="bbox 130 3583 1062 3697; baseline -0.044 -9"><span class='ocrx_word' id='word_1_191' title='bbox 130 3614 321 3694; x_wconf 86' lang='lat' dir='ltr'><strong>bliotbeca,</strong></span> <span class='ocrx_word' id='word_1_192' title='bbox 344 3613 444 3697; x_wconf 83' lang='lat' dir='ltr'><strong>cujus</strong></span> <span class='ocrx_word' id='word_1_193' title='bbox 471 3603 653 3694; x_wconf 84' lang='lat' dir='ltr'><strong>praefectus</strong></span> <span class='ocrx_word' id='word_1_194' title='bbox 677 3594 786 3663; x_wconf 83' lang='lat' dir='ltr'><strong>minus</strong></span> <span class='ocrx_word' id='word_1_195' title='bbox 813 3591 854 3658; x_wconf 75' lang='lat' dir='ltr'><strong>acl</strong></span> <span class='ocrx_word' id='word_1_196' title='bbox 881 3583 1062 3672; x_wconf 76' lang='lat' dir='ltr'><strong>gratifican-</strong></span> 
     </span>
     <span class='ocr_line' id='line_1_30' title="bbox 132 3697 1067 3808; baseline -0.039 -7"><span class='ocrx_word' id='word_1_197' title='bbox 132 3736 209 3808; x_wconf 89' lang='lat' dir='ltr'><strong>dum</strong></span> <span class='ocrx_word' id='word_1_198' title='bbox 228 3727 335 3795; x_wconf 81' lang='lat' dir='ltr'><strong>facilia</strong></span> <span class='ocrx_word' id='word_1_199' title='bbox 360 3725 540 3798; x_wconf 81' lang='lat' dir='ltr'><strong>ridebatur.</strong></span> <span class='ocrx_word' id='word_1_200' title='bbox 586 3717 669 3786; x_wconf 85' lang='lat' dir='ltr'><strong>Nam</strong></span> <span class='ocrx_word' id='word_1_201' title='bbox 701 3703 980 3807; x_wconf 80' lang='lat' dir='ltr'><strong>Capperonneriur</strong></span> <span class='ocrx_word' id='word_1_202' title='bbox 1002 3697 1067 3766; x_wconf 89' lang='lat' dir='ltr'><strong>Be·</strong></span> 
     </span>
     <span class='ocr_line' id='line_1_31' title="bbox 132 3816 1067 3948; baseline -0.042 -26"><span class='ocrx_word' id='word_1_203' title='bbox 132 3839 330 3926; x_wconf 80' lang='lat' dir='ltr'><strong>oedictiois,</strong></span> <span class='ocrx_word' id='word_1_204' title='bbox 354 3839 411 3948; x_wconf 64' lang='lat' dir='ltr'><strong>qui</strong></span> <span class='ocrx_word' id='word_1_205' title='bbox 435 3837 537 3926; x_wconf 78' lang='lat' dir='ltr'><strong>regiae</strong></span> <span class='ocrx_word' id='word_1_206' title='bbox 553 3829 767 3902; x_wconf 84' lang='lat' dir='ltr'><strong>bibliothecae</strong></span> <span class='ocrx_word' id='word_1_207' title='bbox 788 3823 881 3896; x_wconf 80' lang='lat' dir='ltr'><strong>libris</strong></span> <span class='ocrx_word' id='word_1_208' title='bbox 915 3816 1067 3902; x_wconf 81' lang='lat' dir='ltr'><strong>frequen.</strong></span> 
     </span>
    </p>

    <p class='ocr_par' dir='ltr' id='par_1_6' title="bbox 584 3941 1068 4034">
     <span class='ocr_line' id='line_1_32' title="bbox 584 3941 1068 4034; baseline -0.029 -13"><span class='ocrx_word' id='word_1_209' title='bbox 584 3949 646 4020; x_wconf 84' lang='lat'><strong>00</strong></span> <span class='ocrx_word' id='word_1_210' title='bbox 678 3965 695 4034; x_wconf 74' lang='lat'>3</span> <span class='ocrx_word' id='word_1_211' title='bbox 1017 3941 1068 4008; x_wconf 77' lang='lat' dir='ltr'><strong>ter</strong></span> 
     </span>
    </p>
   </div>
   <div class='ocr_carea' id='block_1_4' title="bbox 0 0 1326 4718">
    <p class='ocr_par' dir='ltr' id='par_1_7' title="bbox 0 0 1326 4718">
     <span class='ocr_line' id='line_1_33' title="bbox 0 0 1326 4718; baseline 0 0"><span class='ocrx_word' id='word_1_212' title='bbox 0 0 1326 4718; x_wconf 95' lang='lat' dir='ltr'><strong> </strong></span> 
     </span>
    </p>
   </div>
  </div>
 </body>
</html>
