<?xml version="1.0" encoding="UTF-8"?>
<!DOCTYPE html PUBLIC "-//W3C//DTD XHTML 1.0 Transitional//EN"
    "http://www.w3.org/TR/xhtml1/DTD/xhtml1-transitional.dtd">
<html xmlns="http://www.w3.org/1999/xhtml" xml:lang="en" lang="en">
 <head>
  <title>
</title>
<meta http-equiv="Content-Type" content="text/html;charset=utf-8" />
  <meta name='ocr-system' content='tesseract 3.04.00' />
  <meta name='ocr-capabilities' content='ocr_page ocr_carea ocr_par ocr_line ocrx_word'/>
</head>
<body>
  <div class='ocr_page' id='page_1' title='image "./opusculavariiar01wyttgoog_0744.png"; bbox 0 0 2506 4712; ppageno 0'>
   <div class='ocr_carea' id='block_1_1' title="bbox 226 272 1011 425">
    <p class='ocr_par' dir='ltr' id='par_1_1' title="bbox 226 272 1011 425">
     <span class='ocr_line' id='line_1_1' title="bbox 226 272 1011 425; baseline 0.018 -28"><span class='ocrx_word' id='word_1_1' title='bbox 226 323 369 398; x_wconf 78' lang='lat' dir='ltr'><strong>uras</strong></span> <span class='ocrx_word' id='word_1_2' title='bbox 399 323 444 394; x_wconf 90' lang='lat' dir='ltr'><strong>n.</strong></span> <span class='ocrx_word' id='word_1_3' title='bbox 476 322 812 408; x_wconf 80' lang='lat' dir='ltr'><strong>uunurtnrtu.</strong></span> <span class='ocrx_word' id='word_1_4' title='bbox 919 272 1011 425; x_wconf 47' lang='lat' dir='ltr'><strong>ttr-</strong></span> 
     </span>
    </p>
   </div>
   <div class='ocr_carea' id='block_1_2' title="bbox 25 487 982 721">
    <p class='ocr_par' dir='ltr' id='par_1_2' title="bbox 25 487 982 721">
     <span class='ocr_line' id='line_1_2' title="bbox 26 487 982 621; baseline 0.012 -36"><span class='ocrx_word' id='word_1_5' title='bbox 26 525 106 586; x_wconf 70' lang='lat' dir='ltr'><strong>tros</strong></span> <span class='ocrx_word' id='word_1_6' title='bbox 145 535 220 582; x_wconf 81' lang='lat' dir='ltr'><strong>non</strong></span> <span class='ocrx_word' id='word_1_7' title='bbox 243 517 478 603; x_wconf 74' lang='lat' dir='ltr'><strong>magnaura,</strong></span> <span class='ocrx_word' id='word_1_8' title='bbox 510 533 608 602; x_wconf 73' lang='lat' dir='ltr'><strong>quam</strong></span> <span class='ocrx_word' id='word_1_9' title='bbox 630 487 790 621; x_wconf 35' lang='lat' dir='ltr'><strong>&#39;muscam</strong></span> <span class='ocrx_word' id='word_1_10' title='bbox 829 517 982 600; x_wconf 78' lang='lat' dir='ltr'><strong>Herculis</strong></span> 
     </span>
     <span class='ocr_line' id='line_1_3' title="bbox 25 631 306 721; baseline -0.028 -17"><span class='ocrx_word' id='word_1_11' title='bbox 25 631 225 721; x_wconf 67' lang='lat' dir='ltr'><strong>exempto,</strong></span> <span class='ocrx_word' id='word_1_12' title='bbox 247 631 306 718; x_wconf 78' lang='lat' dir='ltr'><strong>qui</strong></span> 
     </span>
    </p>
   </div>
   <div class='ocr_carea' id='block_1_3' title="bbox 51 803 982 900">
    <p class='ocr_par' dir='ltr' id='par_1_3' title="bbox 51 803 982 900">
     <span class='ocr_line' id='line_1_4' title="bbox 51 803 982 900; baseline 0.003 -21"><span class='ocrx_word' id='word_1_13' title='bbox 51 803 150 879; x_wconf 72' lang='grc' dir='ltr'>Οὐδ’</span> <span class='ocrx_word' id='word_1_14' title='bbox 175 803 265 876; x_wconf 66' lang='grc' dir='ltr'><strong><em>ὅσσον</em></strong></span> <span class='ocrx_word' id='word_1_15' title='bbox 284 805 379 890; x_wconf 70' lang='grc' dir='ltr'><strong><em>μυίας</em></strong></span> <span class='ocrx_word' id='word_1_16' title='bbox 398 808 550 893; x_wconf 72' lang='grc' dir='ltr'><strong>στυγερῶν</strong></span> <span class='ocrx_word' id='word_1_17' title='bbox 564 805 718 894; x_wconf 65' lang='grc' dir='ltr'><strong>ἐμπάζετο</strong></span> <span class='ocrx_word' id='word_1_18' title='bbox 732 810 832 896; x_wconf 70' lang='grc' dir='ltr'><strong><em>μύθων</em></strong></span> <span class='ocrx_word' id='word_1_19' title='bbox 849 811 939 899; x_wconf 83' lang='lat'>(102</span> <span class='ocrx_word' id='word_1_20' title='bbox 950 813 982 900; x_wconf 85' lang='lat'><strong>).</strong></span> 
     </span>
    </p>
   </div>
   <div class='ocr_carea' id='block_1_4' title="bbox 21 976 1090 3932">
    <p class='ocr_par' dir='ltr' id='par_1_4' title="bbox 21 976 1090 3482">
     <span class='ocr_line' id='line_1_5' title="bbox 21 976 985 1067; baseline 0.005 -24"><span class='ocrx_word' id='word_1_21' title='bbox 21 977 138 1064; x_wconf 85' lang='lat' dir='ltr'><strong>Quid</strong></span> <span class='ocrx_word' id='word_1_22' title='bbox 156 976 194 1048; x_wconf 85' lang='lat' dir='ltr'><strong>ci</strong></span> <span class='ocrx_word' id='word_1_23' title='bbox 210 995 285 1044; x_wconf 89' lang='lat' dir='ltr'><strong>cum</strong></span> <span class='ocrx_word' id='word_1_24' title='bbox 302 977 506 1062; x_wconf 85' lang='lat' dir='ltr'><strong>Burmanno,</strong></span> <span class='ocrx_word' id='word_1_25' title='bbox 529 977 722 1064; x_wconf 81' lang='lat' dir='ltr'><strong>schndero,</strong></span> <span class='ocrx_word' id='word_1_26' title='bbox 745 983 906 1067; x_wconf 80' lang='lat' dir='ltr'>Klotzio,</span> <span class='ocrx_word' id='word_1_27' title='bbox 933 984 985 1054; x_wconf 74' lang='lat' dir='ltr'><strong>in·</strong></span> 
     </span>
     <span class='ocr_line' id='line_1_6' title="bbox 23 1091 985 1180; baseline 0.014 -21"><span class='ocrx_word' id='word_1_28' title='bbox 23 1091 260 1177; x_wconf 79' lang='lat' dir='ltr'><strong>terceaserit3</strong></span> <span class='ocrx_word' id='word_1_29' title='bbox 282 1096 303 1161; x_wconf 79' lang='lat' dir='ltr'><strong>l</strong></span> <span class='ocrx_word' id='word_1_30' title='bbox 322 1094 445 1178; x_wconf 89' lang='lat' dir='ltr'><strong>quibua</strong></span> <span class='ocrx_word' id='word_1_31' title='bbox 463 1096 590 1178; x_wconf 72' lang='lat' dir='ltr'><strong>lamus,</strong></span> <span class='ocrx_word' id='word_1_32' title='bbox 618 1115 714 1180; x_wconf 82' lang='lat' dir='ltr'><strong>quam</strong></span> <span class='ocrx_word' id='word_1_33' title='bbox 735 1100 848 1168; x_wconf 88' lang='lat' dir='ltr'><strong>leniter</strong></span> <span class='ocrx_word' id='word_1_34' title='bbox 871 1101 985 1172; x_wconf 84' lang='lat' dir='ltr'><strong>huma·</strong></span> 
     </span>
     <span class='ocr_line' id='line_1_7' title="bbox 26 1211 981 1301; baseline 0 -19"><span class='ocrx_word' id='word_1_35' title='bbox 26 1211 204 1294; x_wconf 79' lang='lat' dir='ltr'><strong>nitetque</strong></span> <span class='ocrx_word' id='word_1_36' title='bbox 222 1227 278 1278; x_wconf 88' lang='lat' dir='ltr'><strong>cos</strong></span> <span class='ocrx_word' id='word_1_37' title='bbox 295 1213 386 1278; x_wconf 85' lang='lat' dir='ltr'><strong>ultus</strong></span> <span class='ocrx_word' id='word_1_38' title='bbox 404 1211 470 1294; x_wconf 89' lang='lat' dir='ltr'><strong>ait,</strong></span> <span class='ocrx_word' id='word_1_39' title='bbox 491 1231 589 1295; x_wconf 85' lang='lat' dir='ltr'><strong>supra</strong></span> <span class='ocrx_word' id='word_1_40' title='bbox 603 1213 766 1282; x_wconf 65' lang='lat' dir='ltr'><strong>diuinum</strong></span> <span class='ocrx_word' id='word_1_41' title='bbox 787 1215 827 1281; x_wconf 88' lang='lat' dir='ltr'><strong>de</strong></span> <span class='ocrx_word' id='word_1_42' title='bbox 845 1217 981 1301; x_wconf 89' lang='lat' dir='ltr'><strong>multis,</strong></span> 
     </span>
     <span class='ocr_line' id='line_1_8' title="bbox 25 1323 983 1426; baseline 0.005 -32"><span class='ocrx_word' id='word_1_43' title='bbox 25 1327 113 1401; x_wconf 85' lang='lat' dir='ltr'><strong>aliis</strong></span> <span class='ocrx_word' id='word_1_44' title='bbox 139 1323 311 1408; x_wconf 81' lang='lat' dir='ltr'><strong>aliorum,</strong></span> <span class='ocrx_word' id='word_1_45' title='bbox 333 1323 368 1394; x_wconf 91' lang='lat' dir='ltr'><strong>in</strong></span> <span class='ocrx_word' id='word_1_46' title='bbox 393 1327 579 1426; x_wconf 38' lang='lat' dir='ltr'><strong>ae&#39;injuriis</strong></span> <span class='ocrx_word' id='word_1_47' title='bbox 608 1345 645 1394; x_wconf 87' lang='lat' dir='ltr'><strong>ac</strong></span> <span class='ocrx_word' id='word_1_48' title='bbox 670 1327 873 1410; x_wconf 88' lang='lat' dir='ltr'><strong>maledictis,</strong></span> <span class='ocrx_word' id='word_1_49' title='bbox 902 1349 983 1412; x_wconf 85' lang='lat' dir='ltr'><strong>quae</strong></span> 
     </span>
     <span class='ocr_line' id='line_1_9' title="bbox 27 1444 982 1533; baseline 0.001 -17"><span class='ocrx_word' id='word_1_50' title='bbox 27 1447 183 1516; x_wconf 87' lang='lat' dir='ltr'><strong>silentio</strong></span> <span class='ocrx_word' id='word_1_51' title='bbox 202 1444 412 1526; x_wconf 76' lang='lat' dir='ltr'><strong>confutavit,</strong></span> <span class='ocrx_word' id='word_1_52' title='bbox 435 1447 539 1516; x_wconf 85' lang='lat' dir='ltr'>dicere</span> <span class='ocrx_word' id='word_1_53' title='bbox 554 1465 622 1514; x_wconf 91' lang='lat' dir='ltr'><strong>non</strong></span> <span class='ocrx_word' id='word_1_54' title='bbox 635 1446 761 1518; x_wconf 76' lang='lat' dir='ltr'><strong>attinet.</strong></span> <span class='ocrx_word' id='word_1_55' title='bbox 806 1448 982 1533; x_wconf 85' lang='lat' dir='ltr'><strong>Reiskius,</strong></span> 
     </span>
     <span class='ocr_line' id='line_1_10' title="bbox 26 1558 982 1642; baseline 0 -12"><span class='ocrx_word' id='word_1_56' title='bbox 26 1565 147 1632; x_wconf 83' lang='lat' dir='ltr'><strong>homo</strong></span> <span class='ocrx_word' id='word_1_57' title='bbox 166 1561 304 1628; x_wconf 89' lang='lat' dir='ltr'><strong>minime</strong></span> <span class='ocrx_word' id='word_1_58' title='bbox 320 1576 431 1629; x_wconf 87' lang='lat' dir='ltr'><strong>natura</strong></span> <span class='ocrx_word' id='word_1_59' title='bbox 449 1579 508 1630; x_wconf 87' lang='lat' dir='ltr'><strong>aua</strong></span> <span class='ocrx_word' id='word_1_60' title='bbox 528 1560 654 1642; x_wconf 87' lang='lat' dir='ltr'><strong>malus,</strong></span> <span class='ocrx_word' id='word_1_61' title='bbox 677 1563 734 1628; x_wconf 87' lang='lat' dir='ltr'><strong>aed</strong></span> <span class='ocrx_word' id='word_1_62' title='bbox 753 1558 904 1634; x_wconf 78' lang='lat' dir='ltr'><strong>fortunae</strong></span> <span class='ocrx_word' id='word_1_63' title='bbox 919 1564 982 1630; x_wconf 91' lang='lat' dir='ltr'><strong>inl·</strong></span> 
     </span>
     <span class='ocr_line' id='line_1_11' title="bbox 27 1681 983 1785; baseline 0 -35"><span class='ocrx_word' id='word_1_64' title='bbox 27 1686 176 1770; x_wconf 79' lang='lat' dir='ltr'><strong>quitata</strong></span> <span class='ocrx_word' id='word_1_65' title='bbox 201 1681 343 1750; x_wconf 85' lang='lat' dir='ltr'><strong>subinde</strong></span> <span class='ocrx_word' id='word_1_66' title='bbox 365 1683 405 1750; x_wconf 87' lang='lat' dir='ltr'><strong>ad</strong></span> <span class='ocrx_word' id='word_1_67' title='bbox 432 1681 680 1750; x_wconf 80' lang='lat' dir='ltr'><strong>maledicentiam</strong></span> <span class='ocrx_word' id='word_1_68' title='bbox 699 1681 896 1785; x_wconf 72' lang='lat' dir='ltr'><strong>impulsus,</strong></span> <span class='ocrx_word' id='word_1_69' title='bbox 922 1684 983 1751; x_wconf 91' lang='lat' dir='ltr'><strong>ali·</strong></span> 
     </span>
     <span class='ocr_line' id='line_1_12' title="bbox 31 1796 1005 1887; baseline -0.002 -19"><span class='ocrx_word' id='word_1_70' title='bbox 31 1821 109 1887; x_wconf 89' lang='lat' dir='ltr'><strong>quo</strong></span> <span class='ocrx_word' id='word_1_71' title='bbox 131 1801 170 1868; x_wconf 93' lang='lat' dir='ltr'><strong>in</strong></span> <span class='ocrx_word' id='word_1_72' title='bbox 191 1799 306 1868; x_wconf 89' lang='lat' dir='ltr'><strong>libello</strong></span> <span class='ocrx_word' id='word_1_73' title='bbox 323 1797 552 1866; x_wconf 82' lang='lat' dir='ltr'><strong>Ruhnlcnium</strong></span> <span class='ocrx_word' id='word_1_74' title='bbox 569 1796 880 1882; x_wconf 83' lang='lat' dir='ltr'><strong>Valckenariumque</strong></span> <span class='ocrx_word' id='word_1_75' title='bbox 896 1801 1005 1884; x_wconf 57' lang='lat' dir='ltr'><strong>duos„</strong></span> 
     </span>
     <span class='ocr_line' id='line_1_13' title="bbox 29 1892 984 1996; baseline -0.01 -10"><span class='ocrx_word' id='word_1_76' title='bbox 29 1914 293 1996; x_wconf 76' lang='lat' dir='ltr'><strong>Hemsterhusii</strong></span> <span class='ocrx_word' id='word_1_77' title='bbox 309 1913 423 1981; x_wconf 80' lang='lat' dir='ltr'><strong>sintina</strong></span> <span class='ocrx_word' id='word_1_78' title='bbox 440 1927 630 1986; x_wconf 79' lang='lat' dir='ltr'><strong>vocaverat:</strong></span> <span class='ocrx_word' id='word_1_79' title='bbox 657 1913 691 1980; x_wconf 90' lang='lat' dir='ltr'><strong>hi</strong></span> <span class='ocrx_word' id='word_1_80' title='bbox 715 1911 859 1981; x_wconf 83' lang='lat' dir='ltr'><strong>ridebant</strong></span> <span class='ocrx_word' id='word_1_81' title='bbox 876 1892 984 1980; x_wconf 57' lang='lat' dir='ltr'><strong>ironia</strong></span> 
     </span>
     <span class='ocr_line' id='line_1_14' title="bbox 27 2024 985 2113; baseline -0.001 -16"><span class='ocrx_word' id='word_1_82' title='bbox 27 2045 137 2113; x_wconf 88' lang='lat' dir='ltr'><strong>nem,</strong></span> <span class='ocrx_word' id='word_1_83' title='bbox 163 2026 231 2111; x_wconf 89' lang='lat' dir='ltr'><strong>qui</strong></span> <span class='ocrx_word' id='word_1_84' title='bbox 259 2028 462 2100; x_wconf 84' lang='lat' dir='ltr'><strong>inveteratam</strong></span> <span class='ocrx_word' id='word_1_85' title='bbox 493 2024 590 2092; x_wconf 89' lang='lat' dir='ltr'><strong>bilem</strong></span> <span class='ocrx_word' id='word_1_86' title='bbox 617 2043 800 2094; x_wconf 81' lang='lat' dir='ltr'><strong>evomereta</strong></span> <span class='ocrx_word' id='word_1_87' title='bbox 827 2028 985 2096; x_wconf 80' lang='lat' dir='ltr'><strong>Ruhnke-</strong></span> 
     </span>
     <span class='ocr_line' id='line_1_15' title="bbox 31 2141 979 2227; baseline -0.001 -14"><span class='ocrx_word' id='word_1_88' title='bbox 31 2149 114 2220; x_wconf 89' lang='lat' dir='ltr'><strong>nius</strong></span> <span class='ocrx_word' id='word_1_89' title='bbox 132 2146 185 2214; x_wconf 91' lang='lat' dir='ltr'><strong>nil</strong></span> <span class='ocrx_word' id='word_1_90' title='bbox 217 2143 303 2225; x_wconf 84' lang='lat' dir='ltr'><strong>nisi,</strong></span> <span class='ocrx_word' id='word_1_91' title='bbox 327 2142 360 2210; x_wconf 88' lang='lat' dir='ltr'><strong>iu</strong></span> <span class='ocrx_word' id='word_1_92' title='bbox 384 2141 605 2225; x_wconf 82' lang='lat' dir='ltr'><strong>Antiphontea</strong></span> <span class='ocrx_word' id='word_1_93' title='bbox 623 2141 882 2227; x_wconf 85' lang='lat' dir='ltr'><strong>Dissertatione,</strong></span> <span class='ocrx_word' id='word_1_94' title='bbox 904 2163 979 2212; x_wconf 91' lang='lat' dir='ltr'><strong>eum</strong></span> 
     </span>
     <span class='ocr_line' id='line_1_16' title="bbox 29 2228 978 2344; baseline -0.004 -14"><span class='ocrx_word' id='word_1_95' title='bbox 29 2261 211 2330; x_wconf 83' lang='lat' dir='ltr'><strong>infelicem</strong></span> <span class='ocrx_word' id='word_1_96' title='bbox 240 2260 455 2342; x_wconf 85' lang='lat' dir='ltr'><strong>conjectorem</strong></span> <span class='ocrx_word' id='word_1_97' title='bbox 479 2255 685 2326; x_wconf 82' lang='lat' dir='ltr'><strong>nominavit:</strong></span> <span class='ocrx_word' id='word_1_98' title='bbox 719 2228 978 2344; x_wconf 72' lang='lat' dir='ltr'><strong>Reislriumque,</strong></span> 
     </span>
     <span class='ocr_line' id='line_1_17' title="bbox 34 2375 1090 2476; baseline -0.003 -29"><span class='ocrx_word' id='word_1_99' title='bbox 34 2381 96 2463; x_wconf 88' lang='lat' dir='ltr'><strong>qui</strong></span> <span class='ocrx_word' id='word_1_100' title='bbox 124 2380 217 2446; x_wconf 88' lang='lat' dir='ltr'><strong>hanc</strong></span> <span class='ocrx_word' id='word_1_101' title='bbox 254 2375 543 2457; x_wconf 84' lang='lat' dir='ltr'><strong>Dissertationem,</strong></span> <span class='ocrx_word' id='word_1_102' title='bbox 579 2389 701 2444; x_wconf 86' lang='lat' dir='ltr'><strong>retento</strong></span> <span class='ocrx_word' id='word_1_103' title='bbox 729 2377 787 2443; x_wconf 92' lang='lat' dir='ltr'><strong>illo</strong></span> <span class='ocrx_word' id='word_1_104' title='bbox 817 2377 915 2459; x_wconf 84' lang='lat' dir='ltr'><strong>loco,</strong></span> <span class='ocrx_word' id='word_1_105' title='bbox 946 2377 982 2444; x_wconf 92' lang='lat' dir='ltr'><strong>in</strong></span> <span class='ocrx_word' id='word_1_106' title='bbox 1078 2459 1090 2476; x_wconf 29' lang='grc' dir='ltr'><strong><em>ι</em></strong></span> 
     </span>
     <span class='ocr_line' id='line_1_18' title="bbox 34 2491 978 2582; baseline 0 -20"><span class='ocrx_word' id='word_1_107' title='bbox 34 2495 188 2564; x_wconf 81' lang='lat' dir='ltr'><strong>editione</strong></span> <span class='ocrx_word' id='word_1_108' title='bbox 218 2491 391 2560; x_wconf 86' lang='lat' dir='ltr'><strong>oratorum</strong></span> <span class='ocrx_word' id='word_1_109' title='bbox 419 2491 618 2562; x_wconf 84' lang='lat' dir='ltr'><strong>Graecorum</strong></span> <span class='ocrx_word' id='word_1_110' title='bbox 650 2495 771 2582; x_wconf 76' lang='lat'>(103)</span> <span class='ocrx_word' id='word_1_111' title='bbox 803 2497 978 2580; x_wconf 84' lang='lat' dir='ltr'><strong>repetivit,</strong></span> 
     </span>
     <span class='ocr_line' id='line_1_19' title="bbox 35 2604 980 2689; baseline 0.002 -15"><span class='ocrx_word' id='word_1_112' title='bbox 35 2607 177 2676; x_wconf 80' lang='lat' dir='ltr'><strong>fortiter</strong></span> <span class='ocrx_word' id='word_1_113' title='bbox 197 2604 315 2672; x_wconf 84' lang='lat' dir='ltr'><strong>fecisse</strong></span> <span class='ocrx_word' id='word_1_114' title='bbox 336 2606 507 2689; x_wconf 86' lang='lat' dir='ltr'><strong>judicavit.</strong></span> <span class='ocrx_word' id='word_1_115' title='bbox 553 2606 617 2674; x_wconf 86' lang='lat' dir='ltr'><strong>Sed</strong></span> <span class='ocrx_word' id='word_1_116' title='bbox 641 2607 855 2678; x_wconf 83' lang='lat' dir='ltr'><strong>Ruhnkenius</strong></span> <span class='ocrx_word' id='word_1_117' title='bbox 873 2609 980 2676; x_wconf 87' lang='lat' dir='ltr'><strong>ninus</strong></span> 
     </span>
     <span class='ocr_line' id='line_1_20' title="bbox 33 2703 986 2806; baseline 0.003 -21"><span class='ocrx_word' id='word_1_118' title='bbox 33 2721 261 2797; x_wconf 85' lang='lat' dir='ltr'><strong>movebatur,</strong></span> <span class='ocrx_word' id='word_1_119' title='bbox 283 2717 312 2782; x_wconf 89' lang='lat' dir='ltr'><strong>si</strong></span> <span class='ocrx_word' id='word_1_120' title='bbox 335 2717 410 2798; x_wconf 88' lang='lat' dir='ltr'><strong>quis</strong></span> <span class='ocrx_word' id='word_1_121' title='bbox 436 2717 569 2799; x_wconf 80' lang='lat' dir='ltr'><strong>ipsum,</strong></span> <span class='ocrx_word' id='word_1_122' title='bbox 592 2719 740 2800; x_wconf 87' lang='lat' dir='ltr'><strong>quamvis</strong></span> <span class='ocrx_word' id='word_1_123' title='bbox 761 2723 953 2794; x_wconf 85' lang='lat' dir='ltr'><strong>immeritum</strong></span> <span class='ocrx_word' id='word_1_124' title='bbox 964 2703 986 2806; x_wconf 57' lang='grc'><strong>,’</strong></span> 
     </span>
     <span class='ocr_line' id='line_1_21' title="bbox 30 2829 977 2924; baseline -0.004 -18"><span class='ocrx_word' id='word_1_125' title='bbox 30 2835 167 2906; x_wconf 83' lang='lat' dir='ltr'><strong>rustice</strong></span> <span class='ocrx_word' id='word_1_126' title='bbox 194 2830 412 2914; x_wconf 85' lang='lat' dir='ltr'><strong>iracundeque.</strong></span> <span class='ocrx_word' id='word_1_127' title='bbox 435 2829 590 2898; x_wconf 86' lang='lat' dir='ltr'><strong>convitiis</strong></span> <span class='ocrx_word' id='word_1_128' title='bbox 616 2846 770 2915; x_wconf 86' lang='lat' dir='ltr'><strong>peteret,</strong></span> <span class='ocrx_word' id='word_1_129' title='bbox 802 2839 977 2924; x_wconf 84' lang='lat' dir='ltr'><strong>quamsi,</strong></span> 
     </span>
     <span class='ocr_line' id='line_1_22' title="bbox 34 2943 1056 3037; baseline -0.001 -17"><span class='ocrx_word' id='word_1_130' title='bbox 34 2951 117 3034; x_wconf 84' lang='lat' dir='ltr'><strong>ipso</strong></span> <span class='ocrx_word' id='word_1_131' title='bbox 144 2959 348 3032; x_wconf 82' lang='lat' dir='ltr'><strong>praesente,</strong></span> <span class='ocrx_word' id='word_1_132' title='bbox 378 2962 512 3028; x_wconf 83' lang='lat' dir='ltr'><strong>magnos</strong></span> <span class='ocrx_word' id='word_1_133' title='bbox 537 2943 648 3026; x_wconf 87' lang='lat' dir='ltr'><strong>viros,</strong></span> <span class='ocrx_word' id='word_1_134' title='bbox 680 2959 737 3012; x_wconf 87' lang='lat' dir='ltr'><strong>aut</strong></span> <span class='ocrx_word' id='word_1_135' title='bbox 761 2963 846 3018; x_wconf 89' lang='lat' dir='ltr'><strong>recte</strong></span> <span class='ocrx_word' id='word_1_136' title='bbox 872 2946 981 3037; x_wconf 83' lang='lat' dir='ltr'><strong>facta,</strong></span> <span class='ocrx_word' id='word_1_137' title='bbox 1052 3015 1056 3024; x_wconf 86' lang='grc'><strong>,</strong></span> 
     </span>
     <span class='ocr_line' id='line_1_23' title="bbox 35 3059 980 3152; baseline 0.002 -20"><span class='ocrx_word' id='word_1_138' title='bbox 35 3085 97 3152; x_wconf 84' lang='lat' dir='ltr'><strong>per</strong></span> <span class='ocrx_word' id='word_1_139' title='bbox 115 3061 293 3140; x_wconf 84' lang='lat' dir='ltr'><strong>vanitatem</strong></span> <span class='ocrx_word' id='word_1_140' title='bbox 310 3075 536 3132; x_wconf 87' lang='lat' dir='ltr'><strong>contemneret.</strong></span> <span class='ocrx_word' id='word_1_141' title='bbox 570 3059 707 3132; x_wconf 84' lang='lat' dir='ltr'><strong>Venerat</strong></span> <span class='ocrx_word' id='word_1_142' title='bbox 725 3064 766 3134; x_wconf 86' lang='lat' dir='ltr'><strong>ad</strong></span> <span class='ocrx_word' id='word_1_143' title='bbox 782 3080 845 3131; x_wconf 91' lang='lat' dir='ltr'><strong>noa</strong></span> <span class='ocrx_word' id='word_1_144' title='bbox 862 3063 980 3137; x_wconf 77' lang='lat' dir='ltr'><strong>Bidrn·</strong></span> 
     </span>
     <span class='ocr_line' id='line_1_24' title="bbox 35 3177 980 3264; baseline 0.001 -15"><span class='ocrx_word' id='word_1_145' title='bbox 35 3181 187 3262; x_wconf 85' lang='lat' dir='ltr'><strong>stallua,</strong></span> <span class='ocrx_word' id='word_1_146' title='bbox 210 3178 360 3261; x_wconf 86' lang='lat' dir='ltr'><strong>Suedus,</strong></span> <span class='ocrx_word' id='word_1_147' title='bbox 383 3181 499 3244; x_wconf 89' lang='lat' dir='ltr'><strong>doctus</strong></span> <span class='ocrx_word' id='word_1_148' title='bbox 525 3177 654 3260; x_wconf 88' lang='lat' dir='ltr'><strong>quidem</strong></span> <span class='ocrx_word' id='word_1_149' title='bbox 680 3178 758 3258; x_wconf 89' lang='lat' dir='ltr'><strong>ille,</strong></span> <span class='ocrx_word' id='word_1_150' title='bbox 779 3181 835 3248; x_wconf 84' lang='lat' dir='ltr'><strong>sed</strong></span> <span class='ocrx_word' id='word_1_151' title='bbox 859 3180 980 3264; x_wconf 79' lang='lat' dir='ltr'><strong>impot-</strong></span> 
     </span>
     <span class='ocr_line' id='line_1_25' title="bbox 37 3294 976 3380; baseline 0 -14"><span class='ocrx_word' id='word_1_152' title='bbox 37 3313 169 3380; x_wconf 85' lang='lat' dir='ltr'><strong>tunus,</strong></span> <span class='ocrx_word' id='word_1_153' title='bbox 195 3294 314 3364; x_wconf 79' lang='lat' dir='ltr'><strong>homos</strong></span> <span class='ocrx_word' id='word_1_154' title='bbox 337 3294 433 3380; x_wconf 84' lang='lat' dir='ltr'><strong>cujus</strong></span> <span class='ocrx_word' id='word_1_155' title='bbox 452 3295 608 3364; x_wconf 84' lang='lat' dir='ltr'><strong>adventus</strong></span> <span class='ocrx_word' id='word_1_156' title='bbox 625 3309 657 3364; x_wconf 88' lang='lat' dir='ltr'><strong>et</strong></span> <span class='ocrx_word' id='word_1_157' title='bbox 677 3295 830 3364; x_wconf 88' lang='lat' dir='ltr'><strong>salutatio</strong></span> <span class='ocrx_word' id='word_1_158' title='bbox 849 3311 976 3366; x_wconf 83' lang='lat' dir='ltr'><strong>nostra-</strong></span> 
     </span>
     <span class='ocr_line' id='line_1_26' title="bbox 542 3415 982 3482; baseline 0.014 -14"><span class='ocrx_word' id='word_1_159' title='bbox 542 3453 550 3468; x_wconf 91' lang='lat'><strong>.</strong></span> <span class='ocrx_word' id='word_1_160' title='bbox 940 3415 982 3482; x_wconf 83' lang='lat' dir='ltr'><strong>ti.</strong></span> 
     </span>
    </p>

    <p class='ocr_par' dir='ltr' id='par_1_5' title="bbox 35 3527 979 3932">
     <span class='ocr_line' id='line_1_27' title="bbox 75 3527 979 3612; baseline -0.006 -17"><span class='ocrx_word' id='word_1_161' title='bbox 75 3529 197 3612; x_wconf 81' lang='lat' dir='ltr'><strong>(rua)</strong></span> <span class='ocrx_word' id='word_1_162' title='bbox 217 3531 308 3592; x_wconf 85' lang='lat' dir='ltr'><strong>Vetus</strong></span> <span class='ocrx_word' id='word_1_163' title='bbox 328 3529 418 3592; x_wconf 76' lang='lat' dir='ltr'><strong>Poita</strong></span> <span class='ocrx_word' id='word_1_164' title='bbox 437 3527 511 3607; x_wconf 86' lang='lat' dir='ltr'><strong>apud</strong></span> <span class='ocrx_word' id='word_1_165' title='bbox 532 3529 711 3590; x_wconf 82' lang='lat' dir='ltr'><strong>Plutarchum</strong></span> <span class='ocrx_word' id='word_1_166' title='bbox 733 3529 813 3606; x_wconf 83' lang='lat' dir='ltr'><strong>opp.</strong></span> <span class='ocrx_word' id='word_1_167' title='bbox 840 3531 920 3592; x_wconf 86' lang='lat' dir='ltr'><strong>Mor.</strong></span> <span class='ocrx_word' id='word_1_168' title='bbox 946 3549 979 3612; x_wconf 83' lang='lat' dir='ltr'><strong>p.</strong></span> 
     </span>
     <span class='ocr_line' id='line_1_28' title="bbox 35 3637 977 3720; baseline 0.004 -18"><span class='ocrx_word' id='word_1_169' title='bbox 35 3662 98 3720; x_wconf 80' lang='lat'><strong>90,</strong></span> <span class='ocrx_word' id='word_1_170' title='bbox 126 3645 178 3708; x_wconf 81' lang='lat' dir='ltr'><strong>Dr</strong></span> <span class='ocrx_word' id='word_1_171' title='bbox 201 3638 335 3716; x_wconf 86' lang='lat' dir='ltr'><strong>[dequo</strong></span> <span class='ocrx_word' id='word_1_172' title='bbox 360 3641 439 3714; x_wconf 86' lang='lat' dir='ltr'><strong>plura</strong></span> <span class='ocrx_word' id='word_1_173' title='bbox 467 3637 545 3698; x_wconf 83' lang='lat' dir='ltr'><strong>dedu</strong></span> <span class='ocrx_word' id='word_1_174' title='bbox 567 3639 617 3696; x_wconf 90' lang='lat' dir='ltr'><strong>Vir</strong></span> <span class='ocrx_word' id='word_1_175' title='bbox 635 3640 684 3700; x_wconf 88' lang='lat' dir='ltr'><strong>cl.</strong></span> <span class='ocrx_word' id='word_1_176' title='bbox 708 3639 736 3696; x_wconf 90' lang='lat' dir='ltr'><strong>in</strong></span> <span class='ocrx_word' id='word_1_177' title='bbox 754 3637 877 3699; x_wconf 88' lang='lat' dir='ltr'><strong>editione</strong></span> <span class='ocrx_word' id='word_1_178' title='bbox 901 3642 977 3706; x_wconf 80' lang='lat' dir='ltr'><strong>Prot.</strong></span> 
     </span>
     <span class='ocr_line' id='line_1_29' title="bbox 36 3742 975 3824; baseline -0.006 -16"><span class='ocrx_word' id='word_1_179' title='bbox 36 3749 164 3818; x_wconf 80' lang='lat' dir='ltr'><strong>Oxou,</strong></span> <span class='ocrx_word' id='word_1_180' title='bbox 192 3746 230 3808; x_wconf 89' lang='lat' dir='ltr'><strong>T.</strong></span> <span class='ocrx_word' id='word_1_181' title='bbox 247 3745 299 3810; x_wconf 87' lang='lat' dir='ltr'><strong>Vl.</strong></span> <span class='ocrx_word' id='word_1_182' title='bbox 322 3761 353 3820; x_wconf 83' lang='lat' dir='ltr'><strong>p.</strong></span> <span class='ocrx_word' id='word_1_183' title='bbox 370 3759 436 3820; x_wconf 81' lang='lat'><strong>309.</strong></span> <span class='ocrx_word' id='word_1_184' title='bbox 464 3743 555 3804; x_wconf 82' lang='lat' dir='ltr'><strong>sormi</strong></span> <span class='ocrx_word' id='word_1_185' title='bbox 579 3747 697 3824; x_wconf 75' lang='lat' dir='ltr'><strong>quarta,</strong></span> <span class='ocrx_word' id='word_1_186' title='bbox 721 3742 758 3809; x_wconf 84' lang='lat' dir='ltr'><strong>T.</strong></span> <span class='ocrx_word' id='word_1_187' title='bbox 776 3745 829 3807; x_wconf 89' lang='lat' dir='ltr'><strong>vl.</strong></span> <span class='ocrx_word' id='word_1_188' title='bbox 860 3747 975 3814; x_wconf 66' lang='lat' dir='ltr'><strong>Parti.</strong></span> 
     </span>
     <span class='ocr_line' id='line_1_30' title="bbox 38 3845 511 3932; baseline -0.013 -18"><span class='ocrx_word' id='word_1_189' title='bbox 38 3871 70 3932; x_wconf 83' lang='lat' dir='ltr'><strong>p.</strong></span> <span class='ocrx_word' id='word_1_190' title='bbox 88 3856 169 3928; x_wconf 87' lang='lat'>629,</span> <span class='ocrx_word' id='word_1_191' title='bbox 191 3868 234 3929; x_wconf 88' lang='lat' dir='ltr'><strong>sq.</strong></span> <span class='ocrx_word' id='word_1_192' title='bbox 259 3851 349 3910; x_wconf 81' lang='lat' dir='ltr'><strong>forna</strong></span> <span class='ocrx_word' id='word_1_193' title='bbox 371 3845 511 3930; x_wconf 64' lang='lat' dir='ltr'><strong>octava]</strong></span> 
     </span>
    </p>
   </div>
   <div class='ocr_carea' id='block_1_5' title="bbox 37 3947 854 4148">
    <p class='ocr_par' dir='ltr' id='par_1_6' title="bbox 37 3947 854 4148">
     <span class='ocr_line' id='line_1_31' title="bbox 74 3947 854 4128; baseline -0.013 -104"><span class='ocrx_word' id='word_1_194' title='bbox 74 3957 189 4038; x_wconf 77' lang='lat'>(103)</span> <span class='ocrx_word' id='word_1_195' title='bbox 210 3953 367 4036; x_wconf 78' lang='lat' dir='ltr'><strong>[Videatur</strong></span> <span class='ocrx_word' id='word_1_196' title='bbox 383 3955 484 4034; x_wconf 79' lang='lat' dir='ltr'><strong>supra,</strong></span> <span class='ocrx_word' id='word_1_197' title='bbox 502 3953 646 4128; x_wconf 56' lang='grc' dir='ltr'><strong>ιιὲιίιὶιῖο</strong></span> <span class='ocrx_word' id='word_1_198' title='bbox 660 3954 695 4015; x_wconf 89' lang='lat' dir='ltr'><strong>ad</strong></span> <span class='ocrx_word' id='word_1_199' title='bbox 712 3971 744 4034; x_wconf 85' lang='lat' dir='ltr'><strong>p.</strong></span> <span class='ocrx_word' id='word_1_200' title='bbox 756 3947 854 4036; x_wconf 66' lang='lat' dir='ltr'><strong>dos]</strong></span> 
     </span>
     <span class='ocr_line' id='line_1_32' title="bbox 37 4062 717 4148; baseline -0.01 -48"><span class='ocrx_word' id='word_1_201' title='bbox 37 4062 59 4100; x_wconf 66' lang='lat' dir='ltr'><strong>c</strong></span> <span class='ocrx_word' id='word_1_202' title='bbox 639 4076 662 4148; x_wconf 75' lang='lat'><em>5</em></span> <span class='ocrx_word' id='word_1_203' title='bbox 715 4065 717 4070; x_wconf 66' lang='lat'>,</span> 
     </span>
    </p>
   </div>
   <div class='ocr_carea' id='block_1_6' title="bbox 0 0 1277 4712">
    <p class='ocr_par' dir='ltr' id='par_1_7' title="bbox 0 0 1277 4712">
     <span class='ocr_line' id='line_1_33' title="bbox 0 0 1277 4712; baseline 0 0"><span class='ocrx_word' id='word_1_204' title='bbox 0 0 1277 4712; x_wconf 95' lang='lat' dir='ltr'><strong> </strong></span> 
     </span>
    </p>
   </div>
  </div>
 </body>
</html>
