2508 4712
220 289 358 369 utra
385 289 430 364 o.
463 284 798 364 nurtnnnnrr.
912 293 1002 382 iu·

52 479 166 573 qualis
186 498 336 552 constare
358 481 502 550 viderunt
526 477 569 548 iia
597 479 632 546 hl
655 479 738 560 viri,
771 477 800 544 si
824 478 858 546 in
879 495 981 548 certa.

53 621 131 671 naen
147 597 285 688 invicem
307 595 571 662 descendissent:
599 607 792 673 quamquam
811 608 846 655 ca
862 608 929 660 erat
945 596 1000 661 in·

52 729 199 794 utroque
222 725 254 777 et
272 709 368 778 aniuti
393 708 601 792 magnitudo,
624 722 654 772 et
670 721 782 772 mutua
799 706 985 777 benivolen=

51 828 124 907 tia,
157 839 196 891 ut
221 823 472 892 concertationis
490 837 559 890 aut
582 821 753 888 rivalitatis
786 839 827 892 ne
855 821 986 890 minima

53 941 190 1025 quidem
215 941 249 1007 in
278 957 385 1006 eorum
410 940 573 1008 urentibus
597 941 647 1006 vel
673 938 831 1022 cogitatio
854 939 907 1006 vel
931 957 987 1010 att·

53 1060 167 1142 spicio
182 1058 369 1126 exsisteret:
385 1059 442 1124 sed
459 1069 564 1122 tanrcn
582 1056 609 1122 si
627 1055 661 1122 in
676 1071 836 1122 certamen
852 1055 990 1124 descen·

54 1177 209 1256 dissent,
238 1176 274 1242 in
308 1174 503 1242 Ruhnkenio
530 1172 755 1255 apparuissent
785 1185 821 1260 et
842 1171 926 1236 vires
951 1182 986 1240 et
1071 1161 1075 1168 ’

55 1291 264 1360 concinnitas
290 1292 481 1376 agilitasque
502 1289 536 1356 in
560 1304 676 1368 motu,
700 1286 819 1368 quibua
837 1286 987 1352 adversa·

53 1403 140 1472 rium
165 1421 326 1490 urgeret:
359 1403 588 1472 Valckenarius
611 1403 766 1485 suo-ipse
788 1419 824 1470 se
848 1400 988 1483 pondere

55 1541 94 1598 ac
123 1521 242 1594 robore
276 1521 383 1603 tueri,
404 1500 607 1602 'omnemque
631 1517 803 1592 adversarii
832 1516 989 1601 impetum

54 1611 230 1704 confutare
254 1627 428 1704 videretur.

105 1752 178 1818 Hoc
213 1751 247 1820 in
277 1754 430 1835 materia,
464 1753 566 1838 majus
602 1750 694 1838 etiam
728 1749 761 1816 in
796 1746 899 1816 sorana
924 1761 992 1818 erat·
1078 1811 1086 1828 ,

67 1867 253 1937 discrimen.
308 1869 345 1936 ln
373 1867 544 1936 scribendo
570 1865 821 1950 explicandaque
843 1866 990 1934 doctrina
1086 1893 1090 1898 ·

58 1981 277 2052 Rulrnkenius
295 1983 464 2052 adhibebat
486 1984 665 2062 delectum,
687 1978 853 2062 ordinem,
870 1996 988 2048 certam

55 2101 93 2166 in
110 2101 207 2167 rebus
226 2101 439 2184 disponendis
458 2120 494 2166 ac
514 2100 699 2168 disserendo
717 2097 888 2180 rationem;
905 2099 990 2166 unde

57 2217 96 2280 in
121 2217 276 2291 omuibus
302 2219 371 2300 ejus
397 2215 530 2300 scriptis
548 2217 686 2300 legenti,
710 2217 800 2298 quasi
820 2217 876 2282 lux
896 2234 992 2298 quae«

55 2333 154 2408 dam,
178 2329 325 2396 oboritur
345 2331 556 2412 perspicuitas
574 2331 865 2414 intelligentiaeque
883 2331 986 2401 facili·

57 2463 135 2517 tas:
163 2447 273 2513 lrarurn
297 2451 407 2514 dotutn
427 2449 655 2518 Valckenarius
676 2469 733 2516 nec
753 2455 907 2518 rationem
933 2451 990 2516 ba·
1101 2518 1104 2527 .

59 2562 180 2644 belrat,
203 2582 260 2630 nec
291 2563 433 2632 fructum
461 2569 742 2652 consequebatur,
760 2567 990 2653 *expromenda
1078 2644 1080 2658 1

57 2679 242 2746 reconditae
259 2681 422 2760 doctrinae
438 2681 545 2764 copiis
565 2683 659 2748 unice
683 2659 869 2754 contentus.
907 2683 988 2748 Por·

56 2811 98 2877 ro
118 2793 331 2872 Ruhnkeuius
346 2796 414 2877 illi,
437 2797 476 2866 de
494 2813 558 2877 qua
575 2794 737 2872 diximus,
764 2792 992 2877 perspicuitati

57 2912 253 2994 adjungebat
282 2910 417 2982 Latinae
450 2909 606 2977 orationis
635 2909 834 2992 bonitatem,
864 2911 994 2994 elegen,

58 3028 157 3105 tiam,
194 3027 409 3107 suavitatem,
445 3026 588 3106 lumina,
623 3022 757 3090 omnino
789 3026 991 3108 eloquentiae
1096 3105 1097 3110 ,

59 3143 392 3224 commendationem
417 3158 452 3208 ut
469 3143 539 3228 ejus
564 3139 697 3225 scriptis
715 3141 761 3206 nil
785 3142 819 3206 in
849 3143 912 3208 hoc
939 3161 993 3228 ge·

60 3275 135 3342 nere
152 3257 197 3326 ait
213 3259 262 3324 vel
278 3255 455 3343 jucundius
471 3261 579 3340 lectu,
604 3257 655 3324 vel
671 3257 776 3341 tnagis
792 3258 832 3322 ad
847 3241 992 3326 allicien-

59 3375 138 3444 dum
158 3374 395 3454 tenendumque
415 3373 558 3438 studium
581 3372 718 3456 legentis
740 3351 872 3452 efficarc3
896 3371 993 3454 isque

61 3505 147 3564 unus
176 3486 209 3552 in
243 3488 355 3570 paucis
383 3505 493 3554 eorum
522 3487 590 3568 sit,
621 3485 677 3570 qui
713 3485 865 3552 criticum
898 3503 992 3572 argu·

62 3620 204 3686 npentutn
223 3602 382 3686 scribendi
400 3605 476 3670 dote
494 3601 717 3682 eabilararent,
759 3600 989 3671 Valckenarius

60 3719 193 3802 Latinae
229 3716 386 3785 orationis
419 3717 603 3791 castitatem
635 3729 668 3779 et
706 3707 896 3798 'elegantiam
930 3733 989 3782 nee

61 3839 250 3936 iperbebtls
273 3855 333 3919 nec
358 3855 494 3925 prorsus
512 3835 714 3920 negligebat,
737 3852 914 3924 numquam
938 3851 995 3924 ψ

510 3947 559 4016 ⁸⁵
590 3967 611 4030 5
923 3962 995 4024 meq
