2388 4714
186 313 260 410 not
363 309 630 390 nanneno
650 315 701 386 ex
718 307 944 391 nomottn
992 305 998 314 ·

184 523 286 592 mn,
307 519 415 578 tamen
435 509 619 592 camoque
640 505 872 592 labentiaque
893 519 952 589 pet
968 499 1112 587 nosipsi
1180 560 1184 573 .

188 643 288 710 qnam
312 643 370 710 per
391 625 474 693 aiios
496 627 580 694 hanc
600 621 697 691 officii
715 637 835 708 partem
856 635 1111 706 aeconomiae.
1181 678 1184 687 .

192 741 338 826 Sumus,
352 742 450 826 ,quon
468 741 614 812 Socraten
640 742 709 823 ait,
730 741 961 824 anatomicis
985 741 1111 822 σοφίας.
1186 768 1187 822 3

193 867 269 938 sint
284 862 338 930 aiii
353 857 520 929 architecti
535 857 720 940 doctrinae,
743 855 879 924 habeant
902 865 983 921 nuos
1001 869 1113 936 opera·
1184 883 1187 890 *1

195 987 263 1058 rios
287 995 319 1048 et
346 979 498 1065 bajulos,
519 988 726 1046 contemnant
754 993 817 1044 non
845 973 904 1057 qui
929 973 1028 1042 nobis
1051 972 1135 1057 ipti·
1185 1001 1188 1038 ;

119 1169 120 1172 ,
195 1095 298 1184 bajuli
321 1109 456 1174 aumas,
478 1089 614 1158 habeam
634 1090 845 1171 comitatum,
876 1101 1020 1156 catervan
1048 1091 1115 1155 lan·
1186 1113 1188 1146 ;

196 1211 340 1284 dantium
365 1221 398 1274 et
423 1205 606 1278 mirantium
625 1205 762 1291 speciem
790 1205 1007 1287 eruditionis,
1029 1207 1115 1272 voli·
1184 1231 1189 1272 τ

193 1343 265 1404 tent
285 1325 354 1394 vivi
380 1343 436 1410 per
458 1343 514 1391 ora
538 1321 731 1410 hominum,
752 1322 920 1396 videantur
945 1319 1008 1388 sibi
1028 1319 1119 1388 aliie·

197 1463 262 1531 qne
283 1444 421 1510 multum
442 1457 574 1524 sapere,
902 1435 905 1442 '

860 1609 987 1678 Horum

241 1733 373 1820 Semper
393 1747 449 1816 ego.
469 1727 610 1818 optarint
621 1729 857 1814 pauperrimus
874 1744 936 1790 esse
951 1725 1116 1796 bonorum.
1190 1729 1191 1734 ’

241 1929 331 1997 Haec
346 1923 433 1996 mihi.
444 1905 575 1994 dicenda
587 1923 748 2010 judicavi,
772 1926 810 1990 de
832 1943 945 2010 operae
967 1948 985 1996 a
1012 1947 1065 1996 me
1086 1913 1119 1998 tn

197 2043 375 2116 Plutarcho
406 2041 585 2110 collocatae
611 2037 713 2104 initiis
746 2052 778 2106 et
799 2059 1006 2127 progressu,
1035 2047 1124 2114 tardo

199 2161 259 2230 illo
284 2159 431 2240 quidem,
454 2153 510 2219 sed
535 2168 639 2220 tamen
665 2173 861 2240 progressu3
896 2174 994 2238 cunt,
1018 2175 1056 2225 ut
1080 2178 1126 2226 ra·
1192 2157 1193 2196 i

199 2275 322 2346 tionem
346 2267 488 2341 nominis
512 2271 601 2337 tarde
629 2271 729 2336 soluti
753 2273 932 2344 redderem:
969 2291 1062 2356 tum,
1097 2276 1125 2342 si

201 2387 288 2456 forte
307 2388 463 2474 juvenes,
486 2386 542 2466 qui
563 2385 734 2468 aliquando
750 2387 837 2459 aliud
853 2387 1039 2472 hujusmodi
1055 2389 1127 2455 edi·

201 2503 301 2572 tionis
319 2519 406 2586 opus
419 2479 641 2586 capesserent,
663 2520 702 2573 ex
719 2499 799 2576 meis
816 2503 975 2572 erroribus
992 2503 1126 2571 brevio·

201 2637 268 2687 rem
285 2618 369 2688 viam
390 2615 533 2685 invenite
549 2631 695 2700 possent.
744 2619 907 2685 Hostem
933 2618 1030 2684 etiam
1055 2637 1130 2686 mo·

90 2711 99 2732 ⁰
202 2751 277 2802 nere
300 2733 421 2816 debeo,
445 2746 481 2798 ut
509 2732 652 2818 cogitent
678 2736 773 2816 quale
789 2745 1011 2817 quantumque
1038 2753 1126 2801 onus

203 2847 401 2933 suscipiant.
461 2845 591 2930 Sciant,
623 2847 657 2918 in
686 2847 891 2916 conficiendo
925 2867 1019 2932 opere
1045 2847 1131 2933 ipeia

201 2981 271 3044 non
297 2965 406 3032 solum
428 2981 502 3032 cunt
530 2963 638 3031 labore
668 2964 919 3056 conflictandum
947 2983 1033 3044 esse,
1071 2963 1134 3029 sed

203 3081 297 3148 ctiam
314 3095 388 3146 cum
404 3079 690 3160 reprehensoribus
713 3079 853 3147 laboris:
877 3077 1027 3148 confecto
1042 3095 1130 3161 ope-

203 3214 260 3277 re,
291 3194 508 3278 paucissimos
532 3191 624 3275 fore,
654 3194 749 3261 etiam
776 3213 814 3260 ex
843 3193 883 3260 iis
909 3195 967 3277 qui
989 3193 1136 3280 judicare

120 3362 126 3374 .
202 3309 327 3392 aliquid
351 3309 503 3393 possint,
534 3311 592 3391 qui
619 3327 747 3395 opetant
781 3325 1002 3394 cognoscant,
1032 3329 1137 3396 agno·

203 3437 310 3503 scant,
336 3437 419 3489 recte
444 3423 634 3507 aestiment,
665 3438 717 3493 tot
740 3425 906 3492 volumina
932 3428 1067 3510 legant,
1100 3438 1137 3492 nt

201 3538 296 3612 locon
317 3537 550 3622 deprehendant
572 3557 628 3605 eos
651 3541 686 3606 in
708 3539 828 3622 quihus
857 3542 993 3609 maxime
1010 3557 1130 3624 operae

173 3651 341 3738 'pretium
378 3650 499 3720 factum
541 3671 616 3724 estt
656 3655 817 3739 plurimos
863 3655 934 3726 iore
975 3655 1137 3725 novitatis

125 3799 128 3804 Α
202 3777 406 3854 captatores,
428 3766 485 3852 qui
509 3767 544 3837 in
570 3784 656 3855 opus
690 3769 860 3858 involent,
888 3771 1000 3842 ieviter
1025 3769 1142 3852 inept-

269 3898 285 3923 a
683 3891 687 3900 ’
1092 3882 1142 3958 οἱ,
