2556 4710
261 243 295 340 6
546 255 915 334 eslsronn

264 445 497 533 elegantiarum
525 444 711 526 literarum,
744 463 915 529 rerumque
946 445 1141 521 Divinarum
1163 464 1207 524 et

266 571 476 638 humanarum
496 563 643 632 seientia.
688 565 799 634 Dietio
823 568 894 652 ejus
916 567 1024 640 felicis
1040 587 1089 640 est
1114 573 1199 643 irni-

266 685 380 756 tatoris
410 698 575 763 ueterum,
615 679 764 750 Platonis
797 685 981 768 praesertim
1011 708 1048 757 ae
1076 689 1207 759 Bomo-

266 803 407 884 silenis,
434 800 583 883 elegans,
617 809 721 879 tersa,
751 816 856 882 pura,
888 814 920 866 et
953 801 1034 870 bene
1062 805 1205 890 Attica

271 935 378 1001 neque
395 932 501 985 tamen
528 913 647 1000 priscis
665 913 842 981 delectatur
862 915 1024 1000 uocibus,
1047 934 1103 985 aut
1130 921 1207 987 ine-

267 1050 362 1121 ptum
378 1031 506 1100 affectat
521 1026 730 1100 Atticismum
742 1076 755 1111 ‚
767 1033 856 1113 quod
873 1045 983 1099 contra
1001 1031 1201 1103 crassitiem

267 1151 374 1218 obiter
410 1167 549 1229 moneo,
582 1145 639 1228 qui
672 1145 832 1234 (Theatr.
861 1147 963 1232 soph.
981 1153 1040 1220 ill.
1057 1151 1123 1236 6.)
1158 1169 1204 1219 ex

269 1267 431 1354 Gregorio
452 1267 673 1333 Nazianzrna
698 1263 805 1348 (Stel.
828 1269 853 1334 l.
880 1269 1008 1348 quoi.)
1035 1268 1069 1332 id
1086 1267 1202 1334 voluit

226 1447 229 1458 ,
267 1387 496 1453 demonstrare.
540 1381 670 1448 Scilicet
693 1381 869 1448 audiendus
895 1397 961 1454 erat
980 1381 1120 1449 Sanctus
1136 1383 1199 1450 Pa-

221 1473 230 1487 ”
265 1511 317 1563 ter
334 1497 390 1563 uli
418 1493 559 1581 Julian!
575 1496 655 1562 vitia
674 1493 804 1579 crepat!
836 1493 953 1576 Neque
970 1493 1004 1560 id
1024 1507 1129 1562 tamen
1154 1493 1202 1559 si·

264 1615 300 1682 bi
317 1599 516 1696 illeu'oluit,
540 1629 570 1681 et
586 1615 646 1680 alia
666 1615 764 1699 longe
784 1614 855 1700 ejus
881 1627 931 1681 est
956 1631 1068 1696 mens,
1087 1633 1204 1698 quaru-

265 1729 318 1794 uis
337 1731 443 1796 eadem
462 1745 530 1796 non
552 1725 716 1793 dubitavit
739 1743 912 1808 recoquere
936 1725 1110 1811 olearias,
1132 1727 1200 1810 (ad

266 1845 461 1912 Philostrat.
490 1861 526 1925 p.
543 1859 600 1907 nr.
617 1855 649 1903 et
668 1841 774 1924 497.)
817 1841 879 1904 Sed
897 1857 1032 1905 errorem
1060 1855 1200 1908 secutus

246 1967 387 2042 'poenas
412 1953 522 2036 dedit,
546 1965 577 2018 et
604 1965 710 2018 totum
734 1966 890 2032 quantum
914 1969 932 2016 a
954 1951 1006 2042 sul
1022 1953 1197 2037 scriptoris

128 2069 134 2086 '
248 2086 374 2154 ⁴ruente
387 2067 558 2136 aberravit.
592 2065 713 2130 Verum
732 2066 772 2130 de
786 2061 865 2130 stilo
882 2060 1022 2146 Juliani
1036 2066 1101 2132 alio
1115 2079 1201 2133 tem·

263 2206 346 2272 pore
359 2183 543 2253 accuratius
560 2201 653 2268 agere
668 2181 838 2251 constitui.
858 2181 928 2268 Jarn
946 2183 987 2248 de
1003 2185 1074 2271 elus
1089 2185 1197 2268 scrip·

264 2305 310 2371 tis
335 2301 410 2385 quis
435 2301 561 2366 tandem
591 2314 713 2383 praeter
730 2297 904 2368 Petalium
920 2297 1001 2366 bene
1015 2298 1081 2367 fuit
1101 2302 1198 2368 rueri-

263 2417 346 2486 tus?
389 2416 579 2506 spanhemii
602 2415 746 2497 equidem
769 2415 921 2482 laudibus
945 2414 993 2483 nil
1016 2415 1197 2486 detractum

263 2531 382 2612 velim,
418 2531 475 2614 qui
509 2547 548 2596 ex
576 2527 739 2597 vossiano
760 2515 885 2597 ⁸codiee
919 2549 993 2598 eunt
1025 2535 1197 2617 plerasque

263 2648 429 2731 supplerit
447 2647 604 2728 heunaa,
620 2657 688 2713 tum
709 2648 881 2732 genuinam
900 2649 1069 2715 lectionem
1090 2648 1195 2732 pluri-

264 2761 329 2828 bus
356 2762 440 2829 locis
468 2763 632 2844 restituit,
659 2777 729 2828 tum
755 2763 895 2846 denique
918 2763 1051 2847 primam
1076 2765 1198 2832 oratio·

265 2897 337 2944 neus
354 2888 386 2944 et
403 2880 557 2946 Caesares
575 2881 743 2946 luculento
759 2879 934 2946 illustrarit
950 2880 1194 2949 commentario.

264 2997 313 3062 At
328 2997 362 3062 in
380 2995 612 3064 constituendo
627 3011 740 3078 textu,
758 2994 885 3078 qualem
905 2994 960 3092 Tu
978 3013 1050 3062 euna
1068 2996 1103 3062 iu
1118 2995 1196 3065 Cal-

265 3112 404 3180 limacha
427 3109 533 3178 fuisse
561 3113 762 3196 observasti,
797 3116 890 3181 taleru
923 3131 959 3180 se
991 3113 1026 3181 in
1051 3113 1197 3198 Julian·

267 3247 400 3313 quoque
432 3231 612 3316 precatitit3
646 3233 741 3301 mitto
767 3237 857 3318 quod
881 3235 1005 3320 priores
1033 3236 1191 3306 editiones

266 3369 333 3420 non
349 3350 519 3438 diligenter
535 3355 615 3422 satis
631 3353 819 3434 consuluit,
842 3369 901 3420 nee
922 3353 1118 3421 Vossianurn
1135 3371 1193 3418 co·

199 3540 201 3546 ,
266 3468 368 3534 dicem
391 3467 496 3534 debita
512 3470 687 3537 attentione
705 3471 870 3550 excussit,
893 3489 930 3538 ac
950 3469 1080 3538 Patauii
1098 3465 1193 3534 ¹deui-

268 3600 332 3667 qne
350 3585 539 3670 marginales
556 3589 757 3672 conjecturas
773 3587 959 3670 saepissime
974 3583 1191 3666 omisitracu·

265 3703 405 3772 tusillas
426 3721 462 3772 ac
479 3703 593 3791 dignas
613 3705 676 3774 viri
696 3701 803 3792 magni
829 3701 916 3771 felici
934 3700 1086 3812 iugenio,
1109 3715 1191 3784 quo·

1120 3831 1190 3882 run
